2904 3886
606 508 695 558 192
1067 500 1490 551 CHRONICA
1536 500 1637 548 DE
1683 498 2071 549 MAILROS.
2209 501 2349 550 A.D.
2392 503 2533 552 1263.

604 646 698 703 Qui
724 662 831 694 cum
855 643 1079 692 venissent
1109 650 1237 690 trans
1260 657 1390 689 mare
1417 640 1633 696 Francie,
1658 641 1789 690 dicia
1814 640 2076 690 Helionora
2098 643 2291 709 collegit
2322 643 2444 692 adeo
2466 646 2533 694 in-

600 741 843 773 numeram
876 721 1224 770 multitudinem
1258 720 1502 768 hominum
1533 737 1593 768 ex
1624 719 1811 769 diverfis
1845 720 2132 778 nationibus,
2164 729 2216 770 ut
2247 722 2535 788 superficiem

602 813 722 852 terre
756 802 1022 850 viderentur
1057 800 1315 865 cooperire,
1351 816 1410 848 ex
1447 799 1818 865 expugnandum
1855 799 2098 866 Angliam.
2118 808 2165 849 et
2198 801 2258 849 ad
2282 794 2536 850 delendum

601 898 763 929 omnes
793 880 1084 929 habitatores
1115 880 1219 945 ejus
1243 879 1302 928 de
1327 879 1570 944 superficie
1601 887 1738 928 terre.
1812 880 1908 936 Qui
1943 880 2282 929 venientesad‘
2303 881 2537 931 maritima

603 961 816 1015 Francie,
842 959 1154 1015 Normannie,
1180 967 1228 1007 et
1266 959 1504 1015 Flandrie,
1529 967 1627 1007 tam
1652 959 1733 1007 diu
1757 961 1926 1008 morati
1962 961 2066 1008 sunt
2098 960 2179 1016 ibi,
2205 960 2358 1010 donec
2388 977 2537 1026 equos

599 1042 719 1096 suos,
739 1040 889 1096 sellas,
909 1056 1108 1105 pannos,
1134 1047 1182 1087 et
1201 1039 1316 1087 alias
1341 1039 1551 1104 quasque
1576 1055 1650 1087 res
1674 1056 1793 1103 quas
1811 1040 1969 1088 secum
1987 1039 2207 1096 tulerant,
2232 1041 2420 1105 penitus
2437 1041 2536 1088 fere

600 1137 764 1169 omnes
781 1119 1086 1168 vendidissent
1103 1136 1186 1184 pre
1210 1119 1385 1183 inopia,
1410 1126 1528 1166 nutu
1555 1118 1734 1166 Divino
1750 1119 1877 1167 omni
1902 1119 1978 1167 die
2002 1120 2247 1185 noctuque
2273 1128 2435 1168 contra
2454 1137 2536 1168 eos

597 1201 740 1248 flante
782 1199 1021 1265 pervalido
1045 1207 1222 1247 ‘ventor
1245 1198 1477 1263 aquilonis
1517 1198 1930 1254 vehementiffime,
1963 1207 2011 1247 et
2045 1199 2139 1247 fine
2175 1200 2535 1265 interpolatione

599 1297 681 1344 per
706 1280 825 1327 duos
857 1279 1038 1327 circiter
1061 1279 1243 1326 menses
1274 1278 1347 1326 vel
1384 1277 1600 1342 amplius,
1624 1294 1684 1326 ne
1710 1278 1869 1343 aliquo
1901 1279 2042 1327 modo
2078 1278 2259 1344 possent
2293 1296 2376 1344 per
2407 1297 2535 1328 mare

598 1359 788 1407 transire
812 1359 859 1406 in
882 1358 1124 1423 Angliam.
1187 1357 1282 1413 Qui
1306 1357 1519 1405 videntes
1547 1356 1770 1405 Divinam
1802 1359 2070 1422 potenciam
2095 1359 2285 1407 omnino
2309 1358 2392 1407 fibi
2416 1361 2535 1408 reni-

599 1448 793 1494 tentem,
827 1438 992 1486 reverfi
1025 1439 1128 1485 sunt
1164 1437 1478 1501 unusquisque
1515 1436 1575 1484 ad
1613 1438 1815 1501 propria,
1851 1437 1954 1501 post
1989 1438 2304 1502 expletionem
2337 1439 2536 1487 duorum

599 1518 839 1573 menfium,
866 1518 1075 1582 exceptis
1099 1517 1308 1581 plurimis
1333 1516 1413 1580 qui
1438 1516 1608 1563 mortui
1633 1517 1736 1563 sunt
1760 1516 1807 1563 in
1833 1516 1923 1563 via‘.

665 1597 850 1645 Eodem
883 1613 1006 1644 anno
1042 1597 1244 1644 barones
1271 1595 1446 1660 Anglie
1476 1611 1559 1659 per
1590 1602 1749 1642 totum.
1775 1612 1951 1643 annum
1983 1604 2365 1661 praeparaverunt
2395 1598 2442 1644 se
2475 1598 2536 1644 ad

596 1693 813 1742 guerram
845 1676 1108 1731 mortalem,
1134 1675 1405 1740 diripientes
1429 1691 1512 1739 per
1536 1675 1609 1723 fas
1641 1682 1688 1722 et
1713 1675 1893 1740 nephas
1928 1675 2155 1740 quicquid
2178 1683 2454 1740 potuerunt3
2490 1678 2537 1724 in

595 1757 685 1804 hoc
705 1756 932 1804 affimilati
957 1755 1175 1821 piscibus,
1202 1755 1282 1819 qui
1301 1754 1489 1819 rapiunt
1508 1754 1735 1819 quicquid
1756 1754 1957 1819 pofl'unt,
1984 1763 2035 1803 ut
2056 1755 2399 1804 Aristotelesaaa
2422 1757 2536 1804 dicit

596 1837 642 1883 in
666 1836 785 1883 libro
810 1836 892 1900 iiij.
921 1836 1002 1884 De
1029 1834 1324 1882 animalibus.

666 1915 807 1963 Anno
826 1915 1019 1964 Domini
1040 1915 1304 1962 M⁰.cc⁰.lx⁰.
1326 1922 1510 1978 quartO,
1527 1914 1573 1961 in
1593 1914 1717 1962 bello
1737 1914 1796 1962 de
1816 1914 1996 1980 Lewys,
2013 1916 2213 1964 barones
2235 1915 2410 1981 Anglie
2429 1933 2537 1964 cum

598 1997 805 2043 exercitu
841 1994 1239 2043 Londonienfium
1276 1994 1334 2042 de
1359 1995 1575 2042 succursu
1607 1994 1811 2042 Gilberti
1848 1995 2033 2044 comitis
2069 1995 2344 2050 Glouernie,
2376 1996 2535 2043 trium-

598 2076 861 2140 phaverunt
887 2075 945 2122 de
978 2091 1091 2139 rege
1124 2075 1205 2121 suo
1233 2073 1459 2128 HenriCO,
1486 2081 1533 2120 et
1559 2073 1792 2121 Edwardo
1825 2074 1919 2121 filio
1949 2075 2050 2139 ejus
2082 2075 2415 2140 primogenito,
2441 2076 2534 2122 cito

598 2155 700 2218 post
723 2154 910 2218 pascha.
967 2154 1158 2201 Postera
1184 2161 1343 2200 autem
1368 2153 1444 2200 die
1470 2153 1579 2200 belli
1605 2160 1873 2217 utrumque,
1898 2170 2062 2219 regem
2085 2154 2258 2202 scilicet
2283 2162 2330 2201 et
2355 2162 2534 2209 natum,

600 2234 800 2280 barones
825 2233 1033 2280 custodie
1058 2232 1262 2280 Simonis
1281 2232 1339 2279 de
1361 2231 1530 2279 Monte
1554 2232 1661 2280 forti
1687 2232 2083 2281 contradiderunt.
2146 2233 2199 2280 In
2220 2233 2387 2280 eodem
2412 2233 2536 2281 bello
2563 2294 2565 2296 η

600 2314 694 2360 duo
726 2312 907 2360 nobiles
940 2311 998 2359 de
1040 2312 1216 2366 Scotia,
1252 2311 1487 2359 Robertus
1522 2311 1582 2359 de
1618 2311 1768 2359 Brusb
1803 2319 1850 2359 et
1885 2311 2128 2360 Johannes
2165 2311 2374 2367 Cumin‚⁰
2409 2314 2534 2377 capti

599 2394 702 2439 sunt
736 2400 782 2438 et
807 2392 1029 2439 carcerali
1055 2391 1262 2439 custodie
1294 2390 1550 2455 mancipati
1583 2391 1629 2438 in
1659 2391 1848 2439 castello
1881 2391 1940 2439 de
1967 2392 2119 2439 Dora.
2192 2391 2421 2439 Diffenfio
2455 2409 2535 2440 au-

598 2479 708 2526 tem,
735 2478 923 2535 propter
942 2488 1086 2535 quam
1110 2478 1212 2517 orta
1237 2469 1304 2518 est
1323 2471 1562 2518 contentio
1587 2471 1707 2518 inter
1730 2487 1893 2536 regem
1918 2478 1965 2518 et
1984 2471 2184 2519 barones
2208 2472 2330 2526 suos,
2349 2472 2533 2520 initium

599 2550 764 2597 habuit
789 2558 836 2598 et
867 2551 1007 2598 finem
1034 2567 1062 2597 a
1086 2550 1348 2597 retentione
1381 2549 1769 2615 alienigenarum,
1795 2567 1913 2615 quos
1946 2551 2040 2615 ipse
2073 2567 2154 2598 rex
2187 2558 2235 2598 et
2265 2552 2431 2616 regina
2454 2553 2535 2600 sua

603 2629 877 2684 Helionora,
913 2637 1062 2677 mater
1102 2629 1337 2684 Edwardi,
1373 2629 1518 2694 longo
1554 2636 1766 2694 tempore
1803 2638 2199 2678 manutenuerant
2237 2639 2284 2679 et
2320 2632 2535 2680 foverant

600 2717 761 2756 contra
787 2709 1086 2756 commodum
1118 2709 1251 2773 regni
1283 2709 1366 2764 sui,
1392 2726 1486 2773 quo
1512 2708 1573 2756 ad
1597 2709 1786 2757 consilia
1819 2727 1982 2758 eorum
2014 2710 2266 2766 credenda,
2292 2719 2339 2759 et
2370 2719 2535 2760 contra

603 2788 889 2836 voluntatem
915 2789 1243 2853 indigenarum
1270 2805 1365 2853 quo
1391 2788 1451 2836 ad
1476 2788 1665 2837 consilia
1693 2790 1894 2854 ipsorum
1920 2790 2187 2855 abjicienda
2211 2798 2261 2838 et
2283 2790 2413 2856 quafi
2436 2791 2535 2839 fere

603 2868 791 2915 omnino
816 2868 1155 2932 postponenda.
1230 2867 1370 2916 Unde
1395 2875 1585 2933 propter
1609 2868 1978 2918 eliminationem
2002 2868 2167 2918 talium
2191 2877 2535 2926 extraneorum,

603 2963 659 2992 co
685 2947 812 3010 quod
836 2948 972 2995 nimis
987 2947 1124 2995 valde
1147 2945 1442 2995 invaluerant
1466 2955 1630 2996 contra
1653 2949 1901 3014 indigenas
1924 2957 2063 3005 terre,
2089 2966 2239 3015 usque
2258 2949 2319 2998 ad
2343 2950 2534 2998 exhere-

606 3025 818 3074 dationes
853 3028 1176 3092 perplurimas,
1213 3035 1265 3074 ut
1295 3027 1507 3076 funditus
1539 3045 1566 3076 e
1598 3045 1746 3093 regno
1777 3029 2062 3094 pellerentur
2096 3029 2376 3094 Anglorum,
2408 3044 2536 3076 com-

651 3129 700 3144 ³³⁸
723 3132 801 3166 The
828 3144 970 3178 passage
999 3134 1081 3169 here
1099 3134 1238 3169 alluded
1262 3140 1301 3168 to
1318 3146 1397 3180 may
1413 3135 1458 3169 be
1484 3146 1567 3170 seen
1595 3135 1630 3169 in
1650 3140 1674 3155 “
1688 3135 1883 3171 Aristoteles
1899 3135 1943 3171 de
1968 3142 2094 3171 natura
2112 3134 2334 3175 Animalium,
2354 3133 2377 3168 l.
2404 3133 2450 3168 iv.
2479 3136 2533 3174 12,

604 3185 663 3219 sol.
683 3187 748 3225 79;
775 3187 856 3222 edit.
879 3188 972 3229 Aldi,
990 3188 1049 3224 fol.
1071 3189 1194 3231 Venet‚
1218 3192 1320 3224 1504.
1546 3189 1561 3210 ¹²
1591 3191 1659 3226 See
1674 3191 1794 3238 Dugd.
1813 3192 1942 3227 Bar-on.
1960 3191 1983 3226 i.
2002 3193 2084 3232 450,
2104 3190 2187 3225 who
2202 3195 2328 3236 quotes
2345 3188 2404 3224 M.
2422 3190 2534 3230 Paris,

606 3240 679 3274 also
702 3242 829 3283 Trivet,
849 3254 884 3287 p.
904 3245 984 3278 215.
1129 3243 1142 3259 ⁶
1170 3244 1266 3279 John
1287 3245 1435 3291 Comyn,
1454 3244 1573 3280 fourth
1593 3245 1689 3281 Lord
1703 3245 1905 3288 Badenoch,
1925 3245 2124 3291 commonly
2139 3243 2250 3280 called
2265 3244 2327 3279 the
2347 3244 2424 3279 Red
2440 3244 2536 3279 John

610 3297 761 3342 Comym
787 3298 951 3343 Douglas’
971 3300 1130 3344 Peerage,
1150 3299 1173 3334 i.
1195 3302 1280 3340 161;
1316 3301 1445 3341 Trivet,
1463 3311 1500 3345 p.
1515 3302 1596 3335 215.
