2852 3874
577 522 633 565 14
1030 510 1447 567 CHRONICA
1491 508 1592 559 DE
1637 506 2014 557 MAILROS.
2211 508 2486 562 A.D.802.

574 651 798 701 thesauris
821 664 1015 698 munera
1036 647 1206 695 obtulit
1228 646 1328 711 regi
1355 644 1565 699 Karolo;
1600 643 1675 691 cui
1699 659 1796 697 rex,
1821 650 1852 672 ‘⁶
1874 642 2021 707 Optio
2043 642 2129 690 tibi
2152 642 2290 690 datur
2304 644 2489 710 eligen-

575 731 620 778 di
644 746 784 795 quem
807 727 1021 780 volueris,
1041 733 1122 773 aut
1145 741 1221 772 me
1246 731 1327 771 aut
1351 723 1545 777 filium,”
1583 730 1631 769 at
1671 721 1751 769 illa
1787 737 1896 769 cum
1935 720 2049 769 effet
2089 737 2309 776 venerea,
2340 722 2490 770 filium

574 809 732 872 elegit,
756 823 813 854 eo
837 804 965 869 quod
983 803 1141 868 junior
1165 809 1294 857 erat3
1327 809 1377 850 et
1399 799 1462 849 fic
1484 808 1684 865 utroque
1709 800 1875 848 caruit.
1948 798 2051 848 Rex
2075 806 2235 848 autem
2254 799 2389 848 dedit
2424 801 2489 848 illi

573 885 914 938 monasterium,
939 883 985 930 in
1010 898 1105 946 quo
1129 879 1554 930 fanestimonialium
1578 880 1760 943 sumpto
1784 878 1949 927 habitu
1973 877 2056 926 sub
2081 878 2236 943 specie
2275 877 2490 943 hypocri-

571 964 667 1011 fina
688 962 882 1017 latebat,
907 968 954 1010 et
979 978 1007 1009 a
1043 960 1251 1025 quodam
1287 959 1484 1024 propriae
1521 958 1677 1023 gentis
1716 957 1912 1022 ignobili
1953 957 2050 1005 viro
2086 956 2400 1021 constuprata,
2442 967 2489 1006 et

572 1041 871 1106 deprehensa,
908 1048 1050 1104 atque
1087 1056 1116 1086 a
1146 1037 1443 1092 monasterio,
1484 1043 1720 1101 praecepto
1761 1036 1901 1100 regis,
1942 1035 2114 1100 ejtha,
2147 1036 2370 1100 deinceps
2406 1053 2489 1101 per

572 1121 698 1168 vicos
721 1128 768 1168 et
792 1118 980 1167 castella
1001 1118 1290 1172 mendicans,
1314 1117 1361 1165 in
1389 1116 1533 1164 Pavia
1555 1115 1874 1163 miserabiliter
1897 1114 2028 1163 obiit.

641 1197 897 1247 Brichtrico
922 1205 1080 1245 autem
1104 1195 1308 1244 succeffit
1334 1194 1572 1259 Egbertus
1596 1194 1742 1259 regali
1767 1194 1981 1258 prosapia
2005 1194 2242 1241 oriundus.

641 1277 780 1324 Anno
806 1276 1005 1324 Decc.ii'.

642 1355 782 1402 Anno
808 1293 1025 1419 ncccjijij.
1056 1353 1192 1418 [obiit
1226 1353 1402 1402 Seluad
1427 1370 1506 1401 rex
1536 1353 1821 1405 Scottorum,
1847 1352 1921 1399 cui
1946 1350 2152 1398 succeffit
2172 1350 2326 1399 Eokal
2352 1369 2488 1400 vene-

572 1436 722 1482 nosus.

640 1434 779 1559 Andro
817 1528 996 1560 Dccc.v.
1036 1511 1221 1560 deceffit
1261 1510 1562 1558 Adelhardus
1601 1508 1950 1558 Cantuarienfis
1982 1507 2375 1572 archiepiscopus,
2411 1511 2486 1557 cui

574 1591 778 1639 succeffit
807 1590 1076 1638 Wiffredus.

640 1669 780 1716 Anno
807 1669 1003 1732 Dccc.vj.
1032 1667 1286 1723 Eardulfus
1311 1683 1389 1714 rex
1416 1666 1823 1714 Norhumbrorum
1849 1682 1877 1712 a
1896 1665 1987 1711 suis
2010 1664 2204 1728 fugatus
2228 1664 2311 1719 est,
2335 1674 2383 1713 et
2408 1667 2486 1713 de-

572 1749 729 1811 inceps
754 1764 864 1811 rege
889 1746 969 1794 diu
993 1746 1198 1794 carebat.

636 1826 775 1873 Anno
801 1825 1015 1890 Dccc.vij.
1044 1825 1313 1873 Cuthredus
1336 1841 1416 1872 rex
1447 1824 1630 1871 Cantiae
1655 1824 1734 1887 qui
1762 1823 1962 1887 ngrido
1986 1824 2260 1873 successerat
2284 1824 2415 1878 obiit,
2441 1833 2487 1871 et

571 1906 611 1951 ei
638 1904 842 1953 succeffit
868 1904 1039 1952 Baldre
1053 1904 1155 1951 dus.

637 1983 777 2030 Anno
803 1983 1033 2046 Decc.viij.

637 2061 777 2107 Anno
802 2061 1000 2109 nccc.ix.

638 2139 777 2186 A-nno
803 2156 982 2187 Dccc.x.

638 2218 776 2264 Anno
802 2218 999 2282 Decc.xj.

637 2296 777 2343 Anno
803 2297 1018 2360 Dccc.xij.

635 2375 776 2422 Anno
802 2375 1033 2439 Decc.xiij.
1063 2375 1264 2423 Karolus
1288 2391 1488 2440 magnus
1512 2392 1591 2423 rex
1619 2376 1904 2424 Francorum
1930 2376 2155 2430 deceffit,‘³
2180 2377 2255 2424 cui
2280 2378 2484 2426 succeflit

573 2453 857 2501 Ludovicusr
880 2453 999 2501 filius
1024 2454 1139 2518 ejus.

636 2531 775 2579 Anno
801 2533 1050 2597 ncces-[iiij.
1069 2532 1307 2598 Egbertus
1332 2550 1410 2581 rex
1436 2533 1796 2582 occidentalium
1819 2535 2059 2582 Saxonum
2083 2534 2295 2598 predavit
2319 2535 2365 2581 in
2382 2552 2483 2599 reg-

568 2611 637 2658 nis
661 2611 855 2658 aliorum
880 2610 939 2658 ab
964 2612 1141 2659 oriente
1166 2612 1310 2676 usque
1334 2612 1380 2659 in
1406 2612 1716 2668 occidentem,
1741 2630 1830 2661 nec
1854 2613 1943 2660 fuit
1968 2613 2049 2676 qui
2074 2612 2315 2661 refisteret.

634 2688 774 2736 Anno
800 2706 1008 2738 Decc.xv.
1035 2691 1218 2738 sanctus
1240 2689 1340 2738 Leo
1358 2691 1574 2755 migravit
1599 2708 1625 2739 e
1650 2692 1820 2746 seculo,
1845 2692 1920 2740 cui
1945 2691 2214 2756 Stephanus
2239 2691 2462 2741 succeffit.

633 2767 773 2815 Anno
799 2769 1026 2833 Decc.xvj.

633 2845 773 2894 Anno
800 2848 1013 2912 Dccc.vij.
1042 2847 1325 2896 Alchstanus
1350 2849 1545 2913 suscepit
1574 2849 1894 2913 episcopatum
1925 2849 2296 2898 Scireburnenfis
2319 2849 2482 2897 aeccle-

567 2923 654 2978 fiae,
679 2941 820 2987 quam
843 2927 961 2974 rexit
985 2927 1117 2975 annis
1143 2944 1185 2974 1..

635 3002 772 3049 Anno
799 3005 1059 3069 mccxx-iij.

636 3079 774 3127 Anno
799 3084 1031 3131 nccc.xix.

613 3207 628 3227 '¹
651 3207 895 3254 Charlcmagne
906 3211 983 3246 died
994 3223 1088 3257 upon
1107 3212 1167 3246 the
1186 3213 1272 3247 28th
1283 3213 1326 3248 of
1337 3214 1501 3259 January,
1521 3216 1602 3248 814.
1643 3215 1804 3255 Henazdt,
1818 3226 1853 3260 p.
1873 3216 1929 3253 47,
1955 3213 2076 3259 Veuey.
2098 3213 2119 3246 i.
2139 3189 2219 3247 488.
2341 3212 2354 3227 ¹'
2375 3213 2482 3247 Louis

566 3262 626 3295 the
646 3262 743 3302 Fir-st,
764 3266 946 3299 sui-named
966 3267 1032 3300 “ie
1050 3267 1305 3301 Debonnaire.’'
1356 3269 1516 3308 Henauss,
1532 3279 1566 3313 p.
1587 3270 1644 3302 52.
