2904 3886
610 477 709 550 21‘0
1077 501 1499 551 CHRoNroA
1545 501 1646 550 DE
1692 500 2076 553 MAILRos.
2227 504 2360 556 Aa).
2401 506 2541 557 1268.

613 645 868 709 poralibus,
897 653 944 693 et
972 651 1199 692 vocantur
1231 659 1429 692 vermes.
1501 641 1584 691 Hii
1618 642 1835 692 habitant
1865 643 1914 692 in
1943 643 2184 708 provincia
2197 644 2343 709 ‘juxta
2376 661 2546 699 zonam

613 724 851 779 torridam,
876 731 926 771 ut
950 722 1150 770 habetur
1174 723 1221 770 in
1245 722 1441 787 epistola
1459 721 1488 770 J
1491 721 1690 770 ohannis
1712 721 1968 786 presbiteri,
1993 722 2386 791 appellanturque
2413 724 2546 775 Sala.-

611 803 820 851 mandre.
883 802 960 850 Isti
985 802 1149 867 optimi
1173 818 1355 850 vermes
1377 818 1473 849 non
1496 800 1681 866 poss'unt
1705 801 1883 866 optime
1905 802 2061 850 vivere
2084 801 2169 851 nifi
2191 802 2240 852 in
2262 803 2375 869 igne
2398 820 2429 853 a
2451 820 2547 870 quo

611 882 839 946 recipiunt
863 881 1214 946 vegetationem
1237 882 1383 930 suam.
1437 880 1544 929 Hee
1559 880 1853 929 salamandre
1875 897 1971 930 non
1990 882 2094 930 sunt
2111 881 2281 931 fimiles
2303 882 2547 933 Salaman-

613 960 705 1008 dris
725 960 921 1008 aliarum
944 961 1288 1025 provinciarum
1306 960 1548 1009 inutilibus
1567 967 1614 1008 et
1632 960 1890 1016 venenofis,
1909 968 1958 1009 et
1981 961 2089 1010 ideo
2106 961 2288 1010 faciunt
2305 962 2549 1027 pelliculas

611 1040 778 1088 sericas
803 1040 849 1087 in
874 1040 1045 1105 quibus
1069 1041 1115 1088 se
1140 1040 1432 1090 abscondunt
1463 1039 1578 1088 ficut
1607 1040 1698 1088 alie
1722 1057 1904 1089 vermes
1928 1041 2010 1105 qui
2040 1041 2222 1089 faciunt
2253 1041 2466 1098 sericum,
2490 1058 2550 1090 ex

612 1118 783 1182 quibus
801 1119 1030 1183 pelliculis
1053 1120 1168 1168 fiunt
1192 1119 1343 1168 vestes
1368 1119 1429 1167 ad
1447 1120 1579 1167 usum
1598 1136 1765 1185 regum
1785 1127 1832 1168 et
1855 1127 2203 1185 magnatorum.
2266 1119 2374 1170 Hee
2397 1120 2549 1170 vestes

610 1214 705 1246 non
736 1198 920 1262 pofl'unt
951 1199 1096 1248 lavari
1128 1198 1210 1246 nifi
1242 1199 1289 1246 in
1319 1199 1431 1263 igne
1455 1198 1637 1246 fortiter
1673 1200 1885 1254 accens0,
1911 1199 1970 1247 de
1995 1216 2194 1263 quarum
2226 1216 2402 1264 genere
2432 1208 2548 1265 puto

611 1277 679 1325 est
701 1278 838 1326 vestis
863 1278 921 1326 de
946 1295 1041 1343 qua
1064 1279 1270 1343 loquitur
1297 1278 1476 1326 Plinius
1499 1277 1618 1326 libro
1643 1278 1757 1343 viij„
1782 1278 1990 1343 capitulo
2014 1278 2175 1343 xlviij.,
2201 1278 2460 1327 dicens—“
2480 1278 2547 1327 est

612 1357 817 1421 quedam
841 1358 978 1406 vestis
1003 1375 1096 1422 que
1120 1359 1243 1406 ferro
1267 1357 1428 1406 refistit
1453 1364 1501 1405 et
1524 1357 1763 1422 ignibus.'’
1834 1357 1947 1406 Viso
1970 1358 2132 1422 itaque
2156 1358 2385 1422 regimine
2409 1375 2547 1423 quor-

568 1451 573 1455 ·
611 1436 787 1484 undam
823 1437 1131 1485 animantium
1166 1452 1354 1485 omnem
1389 1436 1711 1500 frugalitatem
1745 1435 2002 1484 humanam
2034 1437 2293 1484 excedente
2329 1445 2377 1485 et
2411 1437 2547 1485 absti-

612 1516 822 1563 nentiam
847 1516 1056 1563 omnium
1080 1516 1323 1563 hominum
1347 1516 1612 1579 superante,
1631 1515 1895 1562 mirandum
1918 1531 2014 1562 non
2039 1515 2120 1570 est,
2139 1514 2173 1562 fi
2196 1515 2360 1563 Simon
2385 1533 2413 1563 a
2439 1516 2547 1565 Deo

610 1595 894 1659 frugalitatis
929 1595 1147 1642 virtutem
1190 1595 1390 1658 adeptus
1433 1594 1515 1649 est,
1551 1601 1603 1641 ut
1638 1594 1760 1648 ultra
1799 1610 1893 1642 non
1931 1593 2208 1658 procederet
2249 1594 2310 1641 ad
2351 1594 2548 1659 alicujus

610 1674 938 1737 superfluitatis
963 1675 1110 1729 usum,
1139 1673 1253 1721 ficut
1284 1690 1373 1721 nec
1406 1673 1615 1722 camelus
1639 1673 1737 1721 vult
1769 1673 2106 1737 quoquomodo
2138 1673 2393 1737 procedere
2429 1674 2549 1722 ultra

610 1754 809 1817 spatium
845 1754 1022 1802 itineris
1054 1754 1120 1802 sui
1152 1754 1442 1808 consuetum,
1474 1769 1563 1801 nec
1588 1753 1732 1800 etiam
1766 1753 1871 1817 plus
1902 1752 2111 1817 recipere
2136 1752 2195 1801 de
2227 1769 2370 1801 onere
2405 1770 2549 1818 quam

611 1834 848 1882 consuevit
885 1841 1088 1898 portare,
1127 1840 1179 1881 ut
1219 1833 1369 1881 innuit
1409 1833 1588 1898 Plinius
1627 1831 1746 1880 libro
1781 1832 1895 1896 viij„
1931 1832 2138 1896 capitulo
2174 1833 2266 1880 xix.
2339 1832 2402 1880 Et
2442 1833 2549 1882 talis

610 1913 802 1977 quidem
827 1913 1117 1978 comparatio
1142 1913 1272 1961 re<ste
1302 1911 1649 1961 consuetudinis
1682 1911 1938 1960 admodum
1969 1911 2139 1959 idonee
2165 1919 2439 1976 comparata
2462 1913 2548 1960 vir·

611 1994 741 2040 tuose
776 1993 1036 2058 frugalitati
1074 1992 1296 2047 Simonis,
1332 1992 1380 2039 in
1415 1991 1544 2039 nullo
1578 1991 1762 2039 videtur
1797 1991 2028 2056 derogare
2064 1992 2285 2040 consuete
2319 1992 2547 2040 modestie

611 2072 871 2120 samititatis
897 2072 1020 2136 ejus;
1057 2072 1117 2120 de
1142 2072 1274 2136 cujus
1294 2071 1446 2118 cilicio
1465 2071 1708 2119 videamus
1733 2070 1911 2135 aliquid
1937 2070 2106 2125 adhuc,
2127 2087 2235 2118 cum
2259 2070 2431 2119 debeat
2455 2070 2546 2119 efl'e

609 2167 703 2198 non
735 2151 829 2198 fine
854 2152 993 2198 causa
1018 2151 1254 2205 san6‘mm3
1290 2150 1323 2197 fi
1348 2150 1473 2197 enim
1508 2151 1603 2198 sete
1636 2150 1803 2197 cameli
1839 2150 2143 2198 medicinales
2175 2151 2293 2205 sunt,
2326 2157 2377 2198 ut
2408 2149 2547 2199 docet

616 2230 793 2278 Plinius
825 2230 942 2278 libro
975 2229 1242 2294 supradiGto
1268 2230 1475 2293 capitulo
1502 2224 1615 2292 viij.,
1641 2237 1688 2277 et
1719 2229 1851 2293 ponit
1885 2228 1950 2276 ibi
1985 2229 2107 2277 setas
2139 2245 2222 2293 pro
2254 2229 2374 2292 pilis,
2398 2229 2546 2277 multo

613 2310 766 2374 magis
790 2309 993 2358 cilicium
1018 2308 1262 2373 cujussibet
1293 2308 1442 2355 sancti
1477 2308 1678 2355 hominis
1703 2325 1761 2355 ex
1795 2307 1901 2372 pilis
1926 2308 2095 2356 cameli
2120 2308 2193 2356 vel
2230 2308 2419 2356 alterius
2451 2309 2548 2356 ani-

614 2389 748 2436 malis
780 2396 1067 2443 contextum,
1101 2388 1243 2435 debet
1275 2387 1476 2435 estimari
1501 2387 1730 2435 sanctum.
1806 2386 2045 2451 Compara
2077 2387 2219 2451 igitur
2244 2387 2447 2434 cilicium
2477 2387 2547 2436 Si-

615 2468 765 2515 monis
788 2467 1075 2515 strenuiffimi
1110 2467 1269 2515 militis
1294 2474 1340 2514 et
1372 2467 1567 2531 pallium
1590 2474 1637 2514 et
1668 2466 1879 2514 tunicam
1910 2466 2176 2514 sanetiffimi
2209 2466 2465 2530 piscatoris,
2490 2466 2550 2515 de

614 2547 785 2611 quibus
816 2547 995 2612 aliquid
1029 2548 1264 2611 prefatum
1289 2546 1370 2601 est,
1396 2554 1445 2594 et
1479 2546 1687 2594 invenies
1717 2545 1766 2593 ni
1796 2545 1933 2594 fallor
1969 2545 2288 2593 austeritatem
2313 2545 2450 2594 cilicii
2480 2545 2550 2597 Si-

616 2628 766 2675 monis
805 2644 899 2674 non
940 2627 1093 2674 minus
1133 2626 1388 2674 habentem
1430 2626 1489 2673 de
1526 2625 1784 2690 penalitate
1826 2625 1872 2672 in
1919 2624 2129 2680 Simone,
2171 2641 2316 2689 quam
2356 2625 2551 2689 pallium

616 2706 793 2754 nudum
829 2714 875 2754 et
910 2707 1070 2754 tunica
1103 2705 1232 2753 nuda
1267 2705 1610 2753 excellentioris
1650 2705 1855 2752 Simonis
1886 2703 2052 2752 habuit
2086 2705 2134 2752 in
2168 2711 2301 2752 tanto
2341 2703 2549 2759 Simone,

617 2803 734 2850 quas
759 2787 860 2850 ejus
884 2803 957 2833 res
976 2786 1075 2849 jam
1108 2802 1202 2832 non
1231 2784 1427 2832 arbitror
1452 2784 1711 2832 causandas
1735 2791 1926 2848 propter
1954 2783 2228 2838 novitatem,
2255 2783 2366 2831 dum
2397 2783 2551 2848 magis

617 2866 868 2912 creduntur
891 2864 1023 2913 fuiffe
1048 2864 1226 2913 vetuste
1251 2881 1395 2928 quam
1419 2880 1555 2918 nove,
1581 2871 1628 2911 et
1651 2863 1759 2911 ideo
1784 2863 1978 2928 frigide3
2010 2863 2058 2911 in
2082 2862 2253 2927 quibus
2276 2863 2387 2911 sane
2411 2861 2550 2911 rebus

618 2945 903 2992 credendum
944 2944 1012 2991 est
1048 2944 1176 3009 quod
1215 2943 1398 3008 hyemis
1438 2949 1650 3007 tempore
1689 2943 1961 3007 frequenter
2001 2941 2166 3007 alguit,
2206 2941 2340 3006 cujus
2377 2940 2550 3005 algoris

619 3023 858 3071 austeritas
881 3040 1057 3088 magna
1081 3031 1181 3071 erat
1206 3023 1270 3071 illi
1294 3023 1539 3087 penalitas.
1613 3021 1668 3069 In
1691 3021 1862 3087 quibus
1887 3022 2030 3070 etiam
2052 3020 2193 3070 rebus
2217 3036 2326 3069 cum
2348 3019 2548 3068 estuaret

620 3101 760 3149 estivo
785 3110 1011 3166 tempore,
1030 3102 1243 3167 nunquid
1261 3102 1412 3150 defuit
1436 3102 1479 3149 ei
1505 3101 1684 3165 aliquid
1703 3100 1762 3148 de
1781 3101 1937 3150 calore
1961 3099 2197 3149 maximo?
2235 3097 2350 3148 Non
2367 3096 2546 3160 utique,

620 3179 700 3227 nifi
724 3181 844 3228 forte
876 3181 1102 3231 infinuosa
1125 3181 1255 3246 pallii
1279 3181 1381 3245 ejus
1403 3179 1729 3245 refrigerativa
1752 3179 2051 3228 obumbratio
2081 3193 2178 3227 non
2200 3183 2300 3225 erat
2329 3174 2395 3226 illi
2427 3175 2548 3223 aeris

619 3258 775 3323 frigidi
818 3260 1126 3323 aggregativa
1163 3259 1419 3308 consolatio
1457 3266 1620 3307 contra
1657 3257 1872 3307 ardorem
1910 3256 2078 3306 caloris
2113 3254 2320 3309 maximi,
2355 3253 2546 3318 quando

2624 1603 2683 1639 fol.
2704 1606 2761 1642 70.

2863 3592 2893 3886 ἷῖὶ-Σαῖεηι-,ᾎῃ-ςνκ-
2878 3360 2900 3567 “·⁴·„2“-..;,:,‘1v‘
2883 3279 2894 3329 XM,
2887 3247 2890 3257 ,
2888 3104 2898 3201 v-·-·:⁷„
2893 3033 2901 3081 ,ω-
2895 2871 2901 2879 ἱ
