2904 3886
577 517 676 562 220
1065 514 1492 565 CHRONICA
1537 514 1639 564 DE
1685 515 2068 567 MA1LRos.
2207 517 2340 568 ΑΒ.
2382 505 2523 575 1270'.

582 656 724 704 mittit
765 656 826 705 ad
867 657 999 705 illum
1033 656 1275 722 quendam
1316 656 1631 705 admiraldum
1666 656 1840 707 divitiis
1877 665 1925 707 et
1965 658 2200 724 potestate
2240 644 2528 726 locupletem

582 736 735 785 valde.
799 737 894 793 Qui
919 753 1028 785 cum
1046 736 1240 786 venifl'et
1260 736 1320 785 ad
1346 753 1473 794 eum,
1493 737 1653 787 dolose
1677 738 1932 804 legationis
1954 739 2156 789 nuncius
2174 739 2426 805 solempnis
2449 739 2530 803 sed

582 817 786 865 secretus
805 817 1022 873 existens,
1040 824 1197 882 preter
1221 817 1302 866 illa
1319 834 1414 883 que
1439 825 1698 883 antequam
1723 819 1785 867 ad
1809 819 1960 883 ipsum
1977 828 2092 868 tunc
2109 827 2304 869 venerat
2326 819 2530 885 premifit

581 896 729 945 multa
753 897 956 962 pretiosa
981 897 1222 955 donativa,
1253 915 1381 947 nunc
1405 898 1552 948 donat
1576 899 1621 948 ei
1645 917 1770 965 eque
1794 900 2000 966 pretiosa
2023 900 2099 950 vel
2130 900 2406 967 pretiofiora
2427 917 2530 949 mu-

581 993 711 1032 nera,
736 984 904 1043 petens
928 977 1102 1027 obnixe
1139 978 1200 1027 ab
1232 996 1292 1028 eo
1316 986 1369 1028 ut
1399 980 1681 1045 parvitatem
1705 981 1854 1037 suam,
1879 998 1974 1047 que
2007 989 2108 1030 erat
2138 998 2318 1048 magna
2350 981 2463 1030 licet
2486 980 2530 1029 ei

580 1056 642 1105 fic
665 1058 953 1123 loqueretur,
979 1059 1040 1108 ad
1063 1060 1267 1125 gratiam
1293 1060 1498 1109 amicitie
1523 1068 1571 1110 et
1595 1061 1835 1109 fidelitatis
1859 1061 2082 1127 dignetur
2106 1062 2379 1118 admittere;
2415 1078 2531 1127 quo-

581 1138 725 1194 niam,
758 1147 810 1187 ut
842 1139 1018 1197 aiebat,
1054 1140 1120 1189 illi
1155 1140 1323 1188 habuit
1358 1141 1589 1189 secretum
1625 1142 1782 1190 anime
1821 1143 1902 1190 sue
1939 1143 2122 1207 aperire
2161 1143 2204 1192 ei
2237 1142 2366 1208 quod
2400 1142 2531 1191 nullo

581 1219 724 1268 modo
760 1220 908 1268 voluit
943 1221 1189 1270 ostendere
1218 1221 1301 1269 nisi
1339 1238 1508 1287 pacem
1544 1223 1676 1270 suam
1714 1230 1762 1270 et
1799 1223 2002 1289 gratiam
2036 1223 2119 1272 fibi
2157 1224 2285 1289 prius
2319 1222 2531 1272 voluifi'et

583 1301 862 1350 concedere.
932 1301 1117 1351 Juravit
1152 1319 1267 1368 ergo
1300 1302 1344 1351 ei
1379 1319 1463 1368 per
1490 1302 1651 1351 Deum
1682 1303 1812 1368 quod
1847 1304 1970 1352 salus
2002 1305 2159 1353 anime
2190 1305 2271 1352 sue
2306 1304 2354 1352 in
2388 1320 2533 1352 manu

585 1382 668 1429 sua
691 1390 808 1439 erat,
828 1383 955 1431 unde
981 1383 1063 1439 ait,
1088 1392 1118 1412 “
1135 1383 1329 1431 obsecro
1354 1390 1402 1431 te
1427 1400 1488 1431 ne
1512 1382 1634 1432 finas
1658 1400 1734 1432 me
1758 1384 1962 1449 perire.”
2016 1384 2129 1447 ‘Cui
2153 1384 2408 1450 reffpondit
2434 1384 2530 1432 Ed·

583 1462 806 1519 uuardus,
825 1464 1005 1511 nullam
1028 1463 1211 1511 habens
1236 1463 1453 1511 fraudem
1471 1464 1518 1510 in
1539 1463 1843 1519 conscientia,
1864 1465 1994 1530 quod
2017 1449 2167 1512 multo
2191 1465 2345 1530 magis
2368 1465 2531 1513 mallet

582 1543 731 1607 ipsum
756 1552 804 1591 et
828 1561 993 1592 omnes
1017 1544 1304 1592 Sarracenos
1328 1543 1387 1591 de
1412 1543 1591 1591 mundo
1615 1543 1781 1592 salvari
1805 1561 1950 1609 quam
1974 1545 2141 1609 perire.
2215 1544 2326 1600 Quo
2352 1545 2531 1599 audito,

580 1623 818 1672 fimulator
836 1624 1034 1672 callidus
1052 1624 1253 1689 procidit
1272 1623 1334 1672 ad
1352 1641 1512 1689 genua
1532 1623 1782 1672 affabiliter
1800 1624 1882 1672 fibi
1903 1624 2233 1690 colloquentis,
2254 1625 2532 1673 deosculans

581 1722 660 1760 ea;
692 1704 897 1753 fimiliter
921 1704 1219 1753 osculabatur
1247 1704 1395 1770 pedes
1420 1713 1468 1752 et
1499 1722 1668 1753 manus
1701 1705 1820 1770 ejus,
1846 1705 2048 1754 afferens
2072 1706 2119 1754 se
2143 1705 2403 1754 feliciorem
2430 1705 2531 1770 jam

580 1786 764 1834 fafitum
796 1785 888 1833 effe
914 1802 1059 1851 quam
1083 1802 1295 1851 unquam
1329 1787 1486 1834 fuerat
1518 1794 1645 1842 ante,
1671 1786 1752 1851 qui
1777 1793 1876 1834 tam
1911 1785 2098 1851 gloriosi
2130 1786 2352 1851 principis
2383 1786 2531 1834 filium

579 1866 837 1930 promeruit
860 1866 1042 1922 videre3
1078 1866 1214 1931 cujus
1245 1866 1467 1932 principis
1491 1866 1716 1932 preconia
1746 1866 2068 1931 multipliciter
2103 1866 2333 1915 extollens
2357 1867 2532 1932 pariter

582 1955 629 1994 et
663 1947 761 2003 filii,
798 1946 958 1996 aiebat
989 1947 1033 1995 ei
1068 1964 1163 1995 non
1187 1947 1333 1995 talem
1368 1947 1415 1995 in
1441 1947 1654 1995 universo
1680 1947 1794 1995 orbe
1826 1948 1928 1995 fore
1965 1947 2164 1995 alterum
2190 1947 2417 2012 juvenem
2450 1947 2530 2012 qui

584 2036 681 2075 tam
707 2028 897 2076 viriliter
922 2036 1088 2094 egerat
1113 2029 1159 2076 in
1191 2027 1454 2076 hastiludiis
1481 2035 1528 2076 et
1563 2036 1662 2076 tam
1688 2028 1884 2094 egregie
1910 2028 1969 2076 de
1995 2028 2087 2076 suis
2112 2027 2311 2076 inimicis
2338 2027 2530 2075 tribum-

582 2109 752 2172 pharat
771 2109 818 2155 in
837 2108 996 2164 bellis3
1022 2109 1269 2173 appellans
1294 2109 1445 2173 ipsum
1464 2108 1661 2173 proinde
1680 2125 1775 2156 non
1795 2108 1943 2156 solum
1964 2108 2128 2156 florem
2149 2107 2528 2163 Christianitatis,

583 2188 664 2236 sed
683 2195 731 2236 et
749 2188 894 2236 totius
918 2187 1044 2236 orbis
1067 2189 1299 2236 victorem
1323 2189 1550 2243 futurum,
1571 2197 1601 2217 ‘⁶
1618 2187 1683 2236 fi’'
1705 2188 1857 2253 inquit
1877 2187 1938 2236 ad
1953 2188 2100 2242 illum,
2126 2196 2157 2217 “
2174 2187 2234 2235 ad
2253 2196 2300 2236 te
2319 2188 2530 2253 placeret

588 2268 953 2317 Christianitatis
977 2268 1204 2316 immensa
1227 2268 1515 2316 multitudini
1539 2269 1738 2316 fideliter
1759 2269 1996 2316 confluere
2016 2276 2180 2317 contra
2210 2269 2529 2317 Sarracenita-

582 2358 679 2397 tem
703 2349 958 2397 nostram.”
1023 2349 1394 2397 Christianorum
1412 2349 1574 2414 itaque
1599 2348 1766 2397 laudes
1783 2349 2084 2414 multipharie
2108 2349 2360 2414 multisque
2378 2349 2531 2397 modis

584 2430 798 2485 efferens,
830 2430 1016 2478 locutus
1047 2430 1115 2478 est
1146 2430 1189 2478 ei
1221 2430 1269 2477 in
1305 2446 1418 2478 aure
1450 2429 1581 2494 quod
1604 2429 1746 2477 vellet
1775 2429 2067 2478 Christianus
2092 2429 2228 2485 effici,
2253 2446 2338 2494 pro
2363 2447 2438 2486 ρο,
2463 2431 2531 2478 in·

584 2510 713 2575 quid,
739 2510 869 2575 quod
892 2510 1010 2559 fides
1038 2510 1411 2558 Christianorum
1436 2509 1625 2558 excellit
1648 2526 1839 2558 omnem
1867 2509 2010 2557 fidem
2041 2510 2278 2558 miraculis
2302 2510 2527 2575 gloriofis.

586 2590 773 2646 Quibus
790 2590 945 2639 verbis
965 2591 1083 2639 alter
1101 2590 1309 2656 benigne
1325 2591 1546 2639 nimirum
1565 2590 1886 2646 exhillaratus,
1908 2590 1974 2638 ait
1997 2589 2086 2646 illi;
2120 2599 2151 2619 ‘⁶
2169 2590 2372 2639 feliciter
2389 2599 2529 2639 natus

582 2672 705 2719 fuisti
742 2671 774 2719 fi
808 2672 979 2720 feceris
1014 2679 1062 2720 te
1098 2671 1192 2720 cito
1226 2671 1474 2737 baptizari,
1511 2671 1738 2737 quoniam
1769 2671 1887 2719 fides
1917 2670 2075 2719 nostra
2109 2671 2178 2719 est
2208 2672 2337 2736 quod
2377 2672 2529 2720 omnis

582 2753 723 2800 homo
743 2753 824 2817 qui
848 2752 1117 2817 baptizatus
1141 2769 1237 2800 non
1261 2752 1419 2808 fuerit,
1445 2752 1492 2800 in
1518 2759 1734 2800 eternum
1758 2768 1867 2800 cum
1892 2751 2099 2817 dyabolo
2123 2751 2318 2817 peribit;
2354 2759 2402 2800 et
2420 2752 2528 2800 ideo

582 2833 614 2880 fi
638 2833 706 2881 vis
731 2833 894 2882 salvari
925 2833 1095 2881 festina
1118 2832 1366 2899 baptizari,
1400 2833 1627 2898 quoniam
1658 2832 1850 2899 ignoras
1875 2833 2002 2880 diem
2033 2833 2195 2881 mortis
2229 2834 2361 2881 tue.'’
2436 2833 2528 2882 Cui

582 2914 834 2979 respondit,
860 2914 1019 2962 “felix
1042 2913 1097 2962 fit
1115 2913 1355 2962 confilium
1374 2921 1524 2970 tuum,
1543 2930 1656 2962 nam
1674 2921 1722 2961 et
1746 2930 1839 2979 ego
1858 2913 1966 2961 volo
1984 2912 2239 2969 babtizari3
2267 2912 2348 2962 sed
2373 2912 2527 2961 habeo

584 3011 777 3042 uxorem
811 2994 1095 3060 legittimam
1128 3001 1176 3042 et
1207 2994 1365 3059 plures
1389 3011 1576 3050 uxores,
1607 2994 1729 3042 filios
1753 2983 1947 3059 quoque
1976 3001 2028 3055 let
2049 2993 2185 3049 filias,
2217 3001 2449 3060 cognatos
2479 3000 2528 3041 et

583 3074 885 3139 propinquos,
909 3092 1031 3140 quos
1055 3074 1266 3123 defidero
1291 3091 1386 3123 una
1409 3091 1598 3123 mecum
1623 3073 1907 3139 baptismum
1930 3074 2094 3122 san6te
2117 3073 2228 3122 fidei
2251 3072 2400 3122 vestre
2423 3089 2526 3137 per-

581 3153 760 3217 cipere:
796 3154 903 3202 volo
935 3154 1094 3220 igitur,
1119 3162 1378 3220 antequam
1411 3154 1642 3220 baptizer,
1667 3154 1772 3203 illos
1797 3154 1857 3202 de
1887 3154 2072 3203 ratione
2095 3153 2205 3202 fidei
2236 3152 2526 3218 percipiendi

581 3233 882 3282 convenire.'’
946 3232 1026 3282 Ad
1045 3251 1189 3300 quem
1210 3234 1516 3290 Eduuardus,
1542 3243 1573 3264 ‘⁶
1590 3234 1762 3291 bene,”
1788 3234 1957 3300 inquit,
1983 3242 2014 3264 “
2027 3233 2229 3288 facietis,
2247 3231 2281 3280 fi
2304 3249 2526 3298 propera-

579 3313 737 3362 veritis
761 3320 813 3361 ut
837 3312 1159 3378 baptizemini,
1191 3314 1304 3379 quia
1334 3314 1523 3362 nescitis
1553 3313 1720 3362 horam
1751 3313 1913 3362 mortis
1937 3312 2137 3362 vestre.”
2213 3311 2384 3362 Stabat
2408 3330 2523 3379 ergo

2572 3069 2631 3104 fol.
2654 3073 2710 3109 74.
2730 3072 2763 3106 b.
