2904 3886
1016 1015 1480 1073 APPENDIX
1521 1015 1600 1070 II.

663 1373 752 1407 V.C.
783 1370 998 1406 DAVIDIS
1028 1369 1391 1404 MACPHERSON
1421 1368 1948 1404 ANNOTATIUNCULAE.

330 1492 431 1531 A.D.
460 1494 548 1535 950.
574 1504 611 1541 p.
641 1493 702 1535 30,
721 1490 746 1527 l.
769 1487 828 1526 16.
859 1487 985 1537 Caput
1011 1487 1086 1524 hoc
1113 1487 1299 1535 scriptum
1325 1490 1383 1524 est
1410 1487 1564 1523 vivente
1594 1485 1766 1524 Henrico
1797 1486 1986 1531 Secundo,
2016 1487 2076 1523 vel
2095 1492 2182 1535 post
2211 1487 2292 1537 ejus

575 1562 759 1605 tempora,
780 1560 818 1592 et
835 1554 899 1592 hic
918 1553 1200 1603 interpolatum,
1220 1557 1265 1590 ut
1282 1556 1370 1601 post
1393 1551 1494 1590 1056
1513 1557 1629 1602 caput
1649 1554 1697 1591 de
1715 1547 1871 1603 regibus
1894 1553 2126 1590 Scottorum.

638 1636 672 1670 N
677 1634 1023 1679 .B.-Regnantibus
1044 1632 1198 1667 Henrico
1220 1631 1334 1678 Anglo
1359 1637 1396 1666 et
1413 1631 1551 1666 Davide
1572 1632 1695 1667 Scotto
1719 1632 1898 1678 inceptum
1916 1638 1971 1667 est
1988 1632 2056 1667 hoc
2077 1632 2294 1671 Chronicon;

732 1695 820 1730 adeo
838 1694 1019 1729 historiola
1035 1694 1112 1729 haec
1138 1693 1181 1728 de
1201 1692 1454 1728 Northumbria
1478 1693 1543 1728 fuit
1560 1693 1604 1728 de
1621 1693 1732 1739 prima
1748 1705 1866 1728 manu.
1922 1694 1991 1729 Sed
2006 1694 2109 1739 longe
2127 1694 2225 1728 aliter
2242 1699 2296 1728 est

728 1756 949 1801 interpolatio
967 1755 1011 1789 de
1029 1754 1164 1800 regibus
1185 1754 1386 1789 Scottorum
1403 1766 1482 1799 quae
1500 1754 1545 1789 ad
1562 1766 1636 1788 ΑΛ).
1660 1757 1748 1789 1066
1767 1755 1936 1800 impressa
1953 1758 2039 1790 est.*

431 1835 542 1875 1017.
568 1846 606 1882 p.
624 1835 687 1878 43,
706 1833 730 1868 l.
750 1833 812 1869 22.
841 1831 936 1869 Post
954 1836 1127 1867 mortuus
1145 1835 1202 1866 est
1218 1829 1380 1867 dimidia
1396 1829 1540 1878 pagina
1557 1842 1681 1867 vacua
1706 1829 1842 1867 relicta
1860 1835 1928 1875 est,
1949 1831 1990 1866 in
2017 1842 2094 1880 qua
2112 1830 2292 1868 scribitur

575 1911 690 1937 manu
702 1898 787 1944 alia,
809 1902 833 1920 ‘⁶
851 1897 903 1948 vj.
921 1897 1007 1934 idus
1025 1895 1258 1934 Novembris
1277 1896 1477 1945 copulatus
1496 1901 1553 1933 est
1572 1897 1613 1933 in
1631 1896 1919 1935 matrimonium
1938 1895 2170 1940 Alexander,
2190 1896 2292 1932 filius

575 1965 800 2003 nobilissimi
820 1963 1030 2002 Alexandri
1049 1963 1151 2013 regis
1182 1962 1412 2007 Scottorum,
1433 1962 1664 2013 Margaretae
1688 1962 1779 2001 filiae
1798 1962 1979 2001 Nicholai
2007 1963 2158 2001 comitis
2179 1962 2293 1999 Flan-

576 2032 681 2076 driae,
701 2043 801 2069 anno
821 2031 943 2068 aetatis
957 2029 1095 2080 puellae
1108 2028 1160 2079 xj.
1179 2040 1377 2074 annorum,
1393 2033 1432 2066 et
1449 2029 1559 2078 pueri
1573 2028 1652 2066 fere
1664 2042 1738 2074 xx.,
1754 2033 1793 2066 et
1810 2028 1914 2068 facta
1927 2034 1984 2067 est
1998 2029 2101 2078 apud
2118 2029 2293 2078 Roques-

575 2098 685 2142 burk,
705 2098 746 2134 in
765 2097 911 2146 capella
928 2096 1051 2135 sancti
1068 2094 1096 2132 J
1098 2095 1258 2133 ohannis
1277 2095 1524 2146 evangalistae
1543 2095 1583 2132 in
1602 2095 1777 2146 oppido?

638 2175 866 2226 N.B.--Hoc
882 2175 1049 2220 scriptum
1062 2179 1116 2209 est
1133 2179 1321 2219 postquam
1337 2180 1453 2208 totum
1470 2185 1559 2220 opus
1577 2173 1714 2209 finitum
1731 2180 1796 2215 est,
1817 2174 1912 2208 debit
1929 2185 2006 2209 esse
2031 2174 2076 2208 ad
2093 2185 2167 2208 Aa).
2191 2175 2292 2213 1282,

731 2244 768 2271 at
785 2242 838 2271 est
855 2236 996 2281 insuper
1013 2246 1208 2269 erroneum.

439 2313 550 2353 1056.
577 2327 614 2363 p.
635 2316 696 2359 51,
715 2313 740 2350 l.
760 2316 822 2352 23.
853 2312 998 2350 Totum
1008 2311 1083 2350 hoc
1102 2316 1219 2361 caput
1237 2312 1286 2349 de
1303 2312 1460 2362 regibus
1477 2311 1698 2350 Scottorum
1716 2311 1991 2361 interpolatum
2010 2315 2066 2348 est
2084 2315 2171 2360 post
2191 2322 2291 2347 mor-

575 2387 655 2417 tem
674 2379 886 2417 Alexandri
907 2378 1085 2423 Secundi,
1105 2378 1263 2423 scilicet,
1283 2389 1364 2415 A.D.
1379 2375 1490 2423 1263,
1510 2382 1555 2414 ut
1572 2378 1736 2421 videtur,
1755 2378 1796 2414 in
1809 2378 1974 2427 gratiam
1992 2377 2132 2414 sobolis
2150 2378 2294 2426 reginae

576 2446 806 2495 Margaretae
825 2446 917 2482 etin
929 2445 1112 2482 damnum
1128 2443 1247 2492 prolis
1264 2444 1408 2493 reginae
1424 2443 1634 2493 Ingibiorb,
1655 2443 1812 2488 scilicet,
1829 2442 2033 2481 Dunecani
2052 2449 2090 2479 et
2105 2442 2186 2492 ejus
2204 2455 2291 2491 pos-

577 2512 781 2554 teriorum3
801 2511 890 2548 vide
910 2510 1135 2554 Pinkerton,
1159 2511 1246 2551 199.

625 2578 726 2615 Vide
745 2577 861 2614 talem
879 2575 1212 2625 interpolationem
1230 2575 1279 2612 de
1299 2573 1577 2612 Northumbria
1594 2576 1687 2623 post'
1699 2585 1778 2611 Λα).
1798 2577 1887 2616 950.

623 2643 775 2681 Folium
794 2644 835 2680 in
848 2655 925 2693 quo
944 2642 1123 2680 scribitur
1140 2641 1224 2679 haec
1241 2639 1441 2678 historiola
1463 2639 1617 2678 Scotica
1641 2641 1692 2678 ad
1710 2651 1789 2677 Aa).
1813 2638 1912 2678 1263
1939 2644 1996 2677 est
2014 2640 2212 2688 scripturae
2230 2651 2290 2676 re-

573 2710 763 2754 centioris,
781 2714 819 2746 et
838 2708 1109 2759 interpolatum
1127 2707 1226 2744 inter
1245 2707 1340 2744 duas
1357 2707 1528 2756 paginas,
1549 2719 1711 2756 quarum
1727 2706 1933 2744 lectionem
1951 2706 2206 2754 interrumpit.

441 2776 552 2817 1057.
579 2789 616 2824 p.
637 2778 698 2820 52,
715 2776 741 2812 1.
761 2777 797 2812 2.
826 2774 949 2812 Ι1111110
977 2786 1026 2811 ex
1043 2774 1197 2812 nomine
1217 2772 1435 2818 Matildam,
1455 2773 1561 2822 quod
1588 2773 1702 2810 debet
1720 2784 1802 2810 esse
1830 2771 2040 2817 Matildem‚
2069 2772 2190 2809 oritur
2217 2771 2292 2809 alia

579 2842 806 2891 suspicionis
825 2853 950 2879 causa.

443 2909 554 2950 1057.
580 2921 618 2957 p.
638 2910 699 2953 52,
717 2908 743 2945 l.
766 2910 824 2945 18.
853 2906 952 2944 Mihi
964 2906 1116 2943 videtur
1133 2904 1249 2942 fuisse
1269 2904 1439 2950 mxcvii„
1455 2909 1495 2942 et
1513 2915 1527 2941 1
1545 2909 1781 2954 postremum
1792 2909 2015 2954 coopertum
2028 2903 2144 2942 fuisse
2153 2915 2291 2953 perga-

580 2987 692 3012 meno
707 2975 746 3011 in
761 2986 838 3024 quo
849 2972 1027 3010 inseritur
1040 2971 1175 3009 folium
1185 2970 1467 3021 interpolatum.
1505 2970 1657 3008 Videsis
1675 2961 1779 3009 infra
1787 2971 1837 3008 ad
1850 2982 1992 3008 annum
2010 2970 2122 3015 1097,
2137 2971 2291 3020 quando

580 3045 735 3078 notatur
748 3039 938 3078 successio
958 3038 1116 3089 Edgari.

443 3105 554 3145 1060.
581 3119 619 3156 p.
639 3108 701 3151 54,
719 3106 746 3143 l.
764 3104 801 3144 6.
830 3105 935 3143 Inter
953 3104 1071 3142 verba
1088 3103 1204 3141 datus
1221 3107 1261 3140 et
1286 3101 1458 3141 Walter-o
1485 3102 1663 3140 inseritur
1688 3103 1729 3139 in
1756 3102 1994 3153 autographo
2020 3101 2152 3148 folum,
2171 3106 2214 3140 ut
2235 3103 2291 3140 vi—

582 3173 704 3218 detur,
724 3172 906 3222 spurium,
926 3176 966 3209 et
983 3183 1099 3209 manu
1116 3169 1320 3208 recentiori
1339 3169 1535 3218 scriptum.

330 3281 374 3345 fi*
389 3280 472 3313 [Haec
483 3280 588 3307 omnia
603 3280 640 3306 de
655 3280 819 3349 cpmitibus
830 3278 1069 3308 Nerthumbriae.
1087 3284 1125 3304 ex
1141 3277 1280 3304 Sixneone
1298 3276 1498 3304 Dunelmensi
1514 3277 1656 3307 excerpta
1671 3277 1762 3305 sunt3
1781 3274 1857 3303 falsa
1871 3275 1967 3307 igitur
1980 3278 2027 3303 est
2045 3275 2199 3302 sententia
2215 3282 2298 3306 supe-

359 3326 395 3346 us
406 3321 672 3351 expressa-Enim.
