2846 3874
7 3592 19 3650 .›‹··.·-
0 3364 17 3572 .„..2⁷-‘'*··‘'⁸-··
0 3223 6 3353 ν-υ-υ
0 3151 2 3154 ψ
2 3081 5 3098 Α.

129 2079 188 2114 fol.
209 2082 265 2114 38.
285 2081 318 2114 b.

382 487 517 542 AssD.
551 496 691 541 1222.
840 492 1268 541 CHRONICA
1313 492 1414 541 DE
1461 491 1853 542 MAILROS.
2235 502 2324 551 139

444 633 499 680 In
524 632 677 681 reditu
702 633 847 680 etiam
871 632 932 680 ab
957 632 1126 681 eodem
1151 631 1359 697 capitulo
1384 631 1502 680 obiit
1525 633 1760 698 dompnus
1787 634 2063 689 Gaufridus‚
2090 635 2238 684 abbas
2263 637 2322 685 de

378 712 709 768 Dundreinan,
734 712 782 760 in
807 712 948 761 domo
973 712 1033 760 de
1061 711 1189 761 Alba
1212 712 1329 777 ripa.

442 791 630 840 Eodem
655 808 779 840 anno
798 792 876 857 pie
899 791 1246 840 recordacionis
1264 799 1400 856 pater
1417 799 1466 840 et
1489 791 1646 858 pastor
1663 794 1901 859 egregius,
1921 794 2139 844 dominus
2160 795 2320 844 Adam

374 873 622 937 episcopus
660 870 991 926 Katenienfis,f
1020 871 1263 936 quondam
1299 870 1448 919 abbas
1484 871 1797 928 Melrosenfis,
1833 881 1880 922 et
1915 891 2024 922 vere
2058 876 2320 924 monachus

372 951 548 1000 ordinis
580 950 906 1006 Cistertienfis,
931 967 1027 998 una
1064 967 1172 998 cum
1210 950 1553 998 commonacho
1590 952 1690 1007 suo,
1729 952 1930 1001 diacono
1968 954 2028 1002 de
2057 954 2317 1011 Neubotle,

371 1031 562 1079 nomine
587 1030 799 1086 Serlone,
818 1046 902 1094 per
925 1028 1197 1094 multiplicis
1215 1029 1434 1094 paffionis
1451 1030 1740 1095 triumphum
1763 1032 1978 1089 feliciter,
1997 1042 2049 1082 ut
2067 1035 2317 1091 credimus,

371 1110 434 1158 ad
464 1111 770 1175 supernorum
794 1109 966 1157 civium
996 1097 1174 1157 meruit*
1198 1109 1443 1173 pervenire
1475 1111 1781 1159 consorcium.
1853 1112 2028 1177 Neque
2053 1115 2179 1162 enim
2208 1133 2317 1163 con-

370 1190 498 1237 venit
521 1197 574 1236 ut
592 1206 756 1237 eorum
775 1189 1013 1237 estimetur
1036 1188 1083 1236 in
1103 1188 1216 1237 celis
1233 1189 1403 1254 privari
1422 1190 1678 1245 consorcio,
1704 1207 1904 1256 quorum
1927 1192 1974 1240 in
1993 1194 2126 1241 terris
2144 1194 2318 1258 pofitus

368 1269 538 1317 meruit
574 1269 857 1334 participare
894 1268 1125 1325 martiri03
1160 1269 1384 1334 precipue
1420 1286 1529 1317 cum
1563 1286 1648 1334 pro
1684 1271 1838 1336 rigore
1864 1271 2067 1336 justicie,
2098 1273 2318 1322 videlicet

368 1365 453 1413 pro
478 1349 733 1397 exaccione
758 1349 1048 1397 decimarum
1065 1349 1204 1414 juxta
1235 1349 1623 1398 consuetudinem
1658 1350 1966 1400 institucionis
1991 1352 2315 1409 ecclesiastice,

368 1429 486 1476 mori
518 1429 672 1494 magis
697 1429 910 1494 elegerit,
936 1436 983 1476 et
1015 1429 1157 1476 instar
1188 1429 1384 1494 pastoris
1409 1430 1573 1494 optimi
1606 1430 1813 1479 animam
1841 1449 1925 1496 pro
1951 1432 2116 1481 ovibus
2140 1450 2316 1498 ponere

368 1525 512 1573 quam
545 1526 742 1574 gregem
766 1508 848 1556 fibi
874 1508 1104 1557 creditum
1136 1509 1183 1556 in
1209 1526 1364 1557 errore
1395 1509 1587 1574 pristino
1612 1510 1795 1559 diucius
1822 1511 1990 1559 fineret
2022 1529 2314 1577 permanere.

375 1587 500 1636 Cum
524 1589 667 1654 igitur
691 1589 832 1636 causa
857 1605 950 1653 que
975 1589 1214 1636 martirem
1238 1589 1353 1637 facit
1377 1590 1548 1654 pocius·
1567 1607 1711 1654 quam
1739 1608 1864 1655 pena
1887 1592 2182 1656 praecefl'erit,
2207 1594 2315 1640 satis

371 1668 563 1716 evidens
595 1675 642 1716 et
668 1667 810 1732 justa,
842 1685 1027 1716 necnon
1060 1676 1107 1716 et
1139 1685 1264 1733 pena
1293 1668 1512 1733 paffionis
1535 1669 1781 1718 subsecuta
1803 1671 1945 1719 fuerit
1975 1672 2315 1728 immaniflima,

370 1747 588 1812 injuriam
626 1747 835 1811 pontifici
873 1748 1082 1813 irrogare
1119 1747 1360 1813 probatur,
1400 1749 1481 1813 qui
1519 1749 1674 1798 minus
1710 1750 1773 1797 illi
1811 1750 2002 1799 honoris
2034 1759 2115 1799 aut
2146 1753 2315 1807 meriti,

369 1844 513 1891 quam
546 1827 685 1874 alicui
718 1827 796 1875 alii
829 1828 1099 1875 sanctorum
1131 1828 1374 1876 martirum
1406 1828 1748 1877 asscribendum
1773 1838 1820 1878 et
1845 1831 2162 1878 exhibendum
2195 1832 2314 1879 arbi-

369 1914 538 1962 tratur3
573 1907 778 1954 maxime
803 1924 911 1955 cum
934 1907 1083 1954 multa
1108 1907 1230 1956 solus
1248 1909 1518 1956 sanctorum
1542 1909 1785 1958 martirum
1809 1910 2064 1958 sustinuifl'e
2088 1911 2315 1975 supplicia

367 1987 692 2051 cognoscatur.
767 1986 877 2034 Post
908 1987 1061 2035 minas
1090 1987 1216 2035 enim
1247 1988 1496 2036 seviflimas
1530 1996 1576 2036 et
1609 1988 1773 2037 crebra
1804 1989 2051 2038 verborum
2084 1992 2311 2045 convicia,

365 2065 469 2130 post
486 2065 680 2114 livorem
698 2065 946 2114 verberum
966 2074 1013 2114 et
1032 2074 1228 2115 cruenta
1246 2067 1456 2123 vulnera,
1476 2075 1574 2115 tam
1592 2068 1738 2116 fustes
1757 2068 1786 2117 J
1790 2068 1943 2124 acobi,
1963 2086 2107 2134 quam
2130 2070 2313 2134 lapides

364 2144 602 2210 perpessus
637 2145 915 2210 8131111301,ᾒο
943 2163 1027 2211 per
1061 2146 1275 2195 flammas
1314 2154 1361 2194 et
1398 2147 1669 2195 incendium
1706 2149 1855 2196 sancti
1892 2148 2151 2204 Laurentii,
2185 2158 2311 2198 totus

364 2224 552 2273 oblatus
585 2225 652 2273 est
679 2226 727 2272 in
750 2225 1078 2273 holocaustum
1103 2226 1314 2274 Domini.
1388 2226 1550 2274 Paffus
1582 2227 1649 2276 est
1684 2228 1846 2293 itaque
1883 2229 2010 2293 apud
2047 2230 2309 2277 manerium

363 2305 678 2369 episcopalem
711 2322 805 2369 que
833 2304 1049 2353 Haukirc
1078 2306 1244 2371 lingua
1271 2306 1542 2372 Anglicana
1572 2308 1856 2364 nominatur,
1881 2309 2027 2356 tercio
2060 2309 2164 2357 idus
2195 2310 2311 2374 Sep-

363 2383 556 2431 tembris
580 2384 719 2448 [Sep.
743 2384 843 2449 ll],
869 2385 946 2432 die
971 2385 1231 2441 dominica3
1268 2387 1401 2453 cujus
1420 2404 1605 2451 corpus,
1630 2387 1741 2435 licet
1764 2388 1991 2436 torridum
2010 2405 2068 2435 ex
2092 2389 2310 2436 incendio

364 2470 413 2510 et
435 2462 630 2510 lividum
655 2480 714 2511 ex
740 2463 980 2528 lapicidio,
1012 2465 1251 2530 integrum
1274 2473 1436 2513 tamen
1467 2466 1551 2514 sub
1577 2483 1745 2515 acervo
1769 2467 1981 2532 lapidum
2005 2468 2108 2532 post
2132 2468 2308 2516 extinc-

363 2550 464 2589 tum
501 2542 772 2591 incendium
808 2543 1052 2608 reperitur,
1085 2551 1133 2592 et
1169 2545 1218 2592 in
1249 2545 1445 2594 ecclefia
1476 2545 1741 2611 baptismali
1778 2563 1937 2595 coram
1974 2548 2137 2595 sancto
2171 2550 2305 2596 altari

363 2621 634 2677 honorifice,
671 2621 786 2670 ficut
824 2622 998 2678 decuit,
1039 2624 1274 2688 sepulture
1312 2625 1684 2674 commendatur.
1758 2626 1948 2674 Patrem
1985 2627 2126 2692 igitur
2165 2645 2307 2692 quem

362 2701 443 2748 filii
475 2700 651 2766 peffimi
684 2709 731 2749 et
756 2702 1018 2767 degeneres
1049 2704 1096 2751 in
1130 2705 1291 2753 matris
1323 2705 1504 2770 gremio
1534 2705 1839 2754 crudeliffime
1872 2715 2187 2770 peremerunt,
2211 2707 2307 2755 filia

362 2781 513 2829 fidelis
547 2781 594 2828 in
623 2780 771 2829 finum
807 2783 1046 2847 proprium
1081 2784 1259 2848 recepit
1289 2785 1650 2849 protegendum,
1674 2786 1845 2833 iterum
1880 2786 1926 2833 in
1963 2786 2305 2834 resurreccione

362 2861 572 2925 generali
598 2878 706 2909 cum
730 2861 882 2926 gloria
904 2862 1088 2910 felicius
1112 2863 1491 2927 producendum!

431 2940 564 2988 Obiit
589 2941 822 3005 dompnus
844 2941 1104 2990 Gaufridus
1129 2941 1276 2990 abbas
1301 2943 1360 2990 de
1387 2943 1716 2998 Dundrainan,
1737 2938 1788 2991 ifl
1808 2944 1962 2992 reditu
1986 2945 2068 2991 suo
2093 2944 2152 2992 de
2177 2946 2302 3009 capi-

361 3020 461 3068 tulo
486 3021 698 3085 generali
723 3020 851 3085 apud
877 3019 1053 3069 Albam
1077 3021 1241 3086 ripam.

428 3099 483 3147 P.
510 3099 570 3148 de
598 3100 849 3149 Walloniis
873 3117 957 3165 per
988 3101 1258 3149 consensum
1285 3101 1461 3149 domini
1485 3102 1610 3167 regis
1646 3102 1829 3168 accepit
1864 3102 1910 3150 in
1940 3118 2138 3151 uxorem
2178 3141 2298 3154 ......

422 3249 435 3268 ‘
462 3251 612 3293 Fordun,
630 3251 665 3287 ii.
683 3254 748 3292 46;
785 3253 963 3294 Wintown,
980 3253 1006 3297 i.
1024 3255 1104 3288 366.
1251 3252 1280 3272 rr
1309 3252 1388 3288 The
1406 3253 1503 3289 word
1523 3259 1546 3273 ‘⁶
1565 3255 1718 3291 tandem’'
1735 3253 1799 3290 has
1816 3255 1907 3290 been
1924 3254 2007 3290 here
2025 3255 2235 3301 expuncted.
