2852 3874
579 505 642 548 80
1043 500 1463 550 CHRONICA
1507 500 1608 549 DE
1658 499 2038 552 MAILROS.
2193 459 2324 556 A.D.
2356 509 2496 559 1165.

647 639 924 705 Tempestas
955 653 1130 703 magna
1153 638 1241 685 fuit
1265 638 1312 684 in
1347 636 1517 685 eodem
1541 637 1700 684 mense
1723 636 1771 684 in
1805 636 2047 701 provincia
2071 636 2293 688 Eboraci.
2364 642 2502 692 Anti-

575 737 694 784 quus
719 726 876 767 autem
910 717 1052 765 hostis
1088 734 1116 764 a
1139 716 1296 764 multis
1319 715 1440 764 visus
1458 715 1526 763 est
1560 715 1689 763 illam
1706 715 2036 781 tempestatem
2053 716 2101 764 in
2125 717 2236 782 equi
2258 718 2432 784 nigri¹¹¹¹
2454 729 2504 770 et

573 798 762 846 maximi
786 796 938 861 specie
973 796 1254 860 praecedere,
1291 802 1338 842 et
1362 796 1543 860 semper
1571 794 1632 843 ad
1655 811 1785 843 mare
1809 795 2038 861 fugiendo
2061 812 2329 862 properare,
2353 800 2504 863 perse-

573 883 746 940 quente
770 875 848 922 illo
873 875 1058 940 fulgure
1084 883 1132 922 et
1155 874 1360 922 tonitruo
1385 891 1492 922 cum
1516 874 1759 923 horrendis
1793 874 2060 940 fragoribus
2084 883 2132 923 et
2155 877 2315 925 omnia
2338 876 2502 927 devas-

572 963 701 1003 tante
725 954 983 1020 grandine:
1019 954 1214 1019 vestigia
1238 971 1347 1002 vero
1371 954 1585 1019 praedicti
1610 952 1723 1019 equi
1755 954 1902 1019 iniqui
1927 955 2129 1004 enormis
2163 956 2502 1021 magnitudinis

571 1036 673 1082 sunt
697 1042 897 1099 reperta,
922 1034 1125 1082 maxime
1150 1050 1258 1081 vero
1285 1033 1343 1081 de
1362 1041 1521 1081 monte
1546 1033 1706 1098 oppidi
1731 1032 2078 1082 Scardeburchi
2101 1034 2268 1083 saltum
2293 1035 2354 1083 ad
2371 1052 2502 1084 mare

571 1113 715 1169 dedit,
741 1113 821 1161 ubi
846 1130 906 1161 an
930 1113 1111 1178 fingula
1135 1113 1331 1178 vestigia
1346 1120 1464 1160 tetre
1483 1112 1597 1160 foss'e
1616 1113 1662 1160 in
1688 1113 1835 1161 altum
1859 1112 2068 1178 depreffe
2092 1121 2361 1178 patuerunt.
2392 1115 2500 1171 Que

570 1193 821 1258 tempestas
846 1193 1090 1241 consumfit
1115 1210 1258 1240 unum
1288 1192 1608 1240 molendinum
1633 1209 1739 1240 cum
1775 1192 2145 1241 inhabitantibus
2169 1194 2305 1258 super
2328 1194 2502 1242 flumen

576 1273 790 1328 Sabrine,
823 1280 1021 1337 excepto
1057 1289 1150 1319 uno
1186 1271 1434 1327 monacho,
1470 1272 1550 1336 qui
1586 1288 1668 1336 per
1699 1271 1985 1320 ineffabilem
2011 1272 2105 1320 Dei
2139 1273 2501 1321 misericordiam

571 1353 772 1401 salvatus
797 1352 863 1400 est
897 1352 956 1400 de
987 1351 1235 1407 incendi03
1272 1352 1333 1399 ad
1367 1351 1619 1398 multorum
1644 1367 1753 1398 vero
1786 1350 2120 1399 discrecionem
2155 1360 2202 1400 et
2238 1352 2501 1401 indubitate

572 1432 666 1496 spei
692 1431 1086 1487 consolationem;
1122 1431 1420 1495 maximeque
1447 1429 1507 1478 ad
1531 1430 1694 1478 summi
1727 1430 1932 1478 tonantis
1955 1430 2146 1479 laudem
2170 1432 2429 1481 monachus
2453 1443 2501 1480 et

573 1512 674 1576 ejus
697 1512 935 1559 servantur
958 1511 1100 1558 illesa.

640 1591 772 1654 Papa
805 1590 1076 1637 Alexander
1108 1589 1166 1637 de
1200 1590 1367 1637 Galliis
1402 1589 1603 1637 Romam
1638 1590 1845 1638 reversus
1876 1589 1959 1645 est,
1991 1589 2150 1654 ibique
2183 1606 2291 1638 cum
2325 1606 2501 1656 magna

569 1670 719 1733 gloria
742 1676 967 1734 exceptus
992 1669 1073 1723 est,
1093 1677 1140 1716 et
1166 1669 1376 1716 universa
1393 1670 1491 1716 fere
1520 1668 1657 1716 Italia
1676 1677 1723 1716 et
1750 1668 1924 1717 Tuscia
1942 1685 2049 1716 cum
2070 1668 2500 1718 Mediolanensibus

570 1749 697 1796 illum
722 1748 970 1813 suscipiens
994 1748 1268 1796 schismatici
1294 1748 1551 1795 dominium
1575 1749 1860 1813 spreverunt.

638 1827 768 1875 Obiit
792 1827 868 1892 pie
892 1828 1116 1875 memorie
1143 1827 1427 1876 Malcolmus
1452 1845 1532 1875 rex
1556 1828 1805 1876 Scotorum
1829 1827 1956 1892 apud
1978 1827 2281 1884 Gedewurth,
2306 1838 2373 1876 v.⁰
2397 1829 2500 1877 idus

570 1906 848 1955 Decembris
868 1906 1011 1971 [Dec.
1038 1912 1068 1961 9
1087 1907 1107 1971 ]
1128 1907 1255 1971 quod
1275 1907 1430 1954 evenit
1454 1924 1496 1954 v.
1522 1907 1655 1962 feria,
1676 1924 1800 1955 anno
1825 1907 1963 1955 etatis
1987 1908 2079 1955 suae
2098 1916 2245 1963 xx⁰v⁰,
2270 1909 2499 1973 regnique

569 1987 669 2050 ejus
705 2002 828 2033 anno
854 1985 958 2050 xij.¹‘
993 1986 1125 2050 cujus
1161 2003 1328 2050 corpus
1362 1986 1615 2034 honorifice
1652 1985 1713 2034 ab
1750 1985 1967 2034 omnibus
2007 1986 2212 2050 personis
2250 1987 2396 2051 usque
2438 1988 2498 2035 ad

571 2065 899 2113 Dunfermelin
935 2065 1141 2113 delatum
1174 2065 1420 2129 sepelitur3
1468 2065 1543 2112 cui
1579 2064 1788 2113 successit
1824 2064 2089 2113 Willelmus
2120 2065 2263 2113 frater
2298 2066 2414 2130 ejus,
2451 2067 2496 2114 in

569 2144 727 2208 vigilia
750 2143 919 2191 natalis
946 2143 1143 2191 Domini
1173 2144 1315 2208 [Dec.
1343 2143 1447 2208 24]‚
1472 2160 1601 2191 more
1626 2144 1756 2209 regio
1789 2144 2000 2192 elevatus
2023 2144 2070 2192 in
2095 2161 2307 2210 regnum.

635 2222 766 2270 Ordo
793 2222 1239 2270 Praemonstratenfis
1263 2223 1389 2271 venit
1414 2222 1475 2270 ad
1502 2222 1906 2271 Blanchelande.¹¹¹

631 2301 872 2350 Johannes
899 2302 1065 2350 Abbas
1093 2302 1366 2351 Calkoenfis
1384 2303 1510 2350 venit
1535 2303 1594 2350 de
1622 2301 1776 2350 Roma
1797 2303 2051 2351 mitratus.¹’

634 2381 775 2428 Anno
807 2381 1018 2446 M.c.lxvj.
1056 2399 1136 2429 rex
1175 2382 1350 2447 Anglie
1388 2381 1622 2430 Henricus
1657 2383 1987 2438 transfretavit,
2026 2399 2168 2447 quem
2205 2383 2267 2431 ob
2303 2386 2495 2450 negotia

566 2460 740 2507 domini
765 2461 831 2508 sui
867 2478 946 2508 rex
977 2461 1225 2509 Scotorum
1253 2461 1519 2510 Willelmus
1554 2463 1739 2510 secutus
1763 2461 1869 2517 est,⁰
1903 2470 1951 2510 et
1982 2462 2029 2510 in
2053 2463 2368 2512 transmarinis
2392 2481 2494 2529 par-

565 2539 687 2587 tibus
712 2539 990 2603 quibusdam
1015 2540 1284 2588 militiarum
1308 2540 1619 2605 probitatibus
1644 2542 1917 2596 attemtatis,
1948 2541 2104 2590 statim
2129 2542 2280 2590 rediit.

633 2618 763 2666 Obiit
787 2636 944 2667 comes
973 2620 1317 2684 Gospatricus,¹³
1344 2621 1419 2668 cui
1443 2619 1651 2669 succefiit
1679 2619 1940 2669 Waldevus
1963 2621 2084 2669 filius
2109 2622 2224 2686 ejus.

609 2762 644 2783 ¹²³¹
667 2763 862 2809 According
876 2771 915 2798 to
932 2766 985 2798 M.
1002 2765 1113 2805 Paris,
1129 2777 1164 2810 p.
1183 2766 1260 2806 151,
1277 2764 1338 2799 the
1352 2765 1445 2800 devil
1460 2765 1644 2811 appeared,
1658 2765 1693 2800 in
1710 2767 1811 2806 1206,
1823 2765 1860 2800 in
1870 2764 1933 2800 the
1947 2763 2037 2800 form
2049 2764 2092 2800 of
2101 2776 2122 2800 a
2137 2763 2240 2800 black
2255 2774 2360 2799 mare.
2407 2761 2494 2797 This

562 2818 588 2851 is
606 2819 679 2852 also
697 2831 764 2853 one
782 2819 824 2854 of
833 2819 894 2854 the
911 2819 1038 2866 shapes
1055 2820 1215 2874 assigned
1230 2827 1268 2855 to
1286 2820 1357 2855 him
1373 2821 1421 2867 by
1435 2819 1497 2856 the
1514 2820 1662 2867 popular
1685 2821 1928 2868 superstitious
1945 2820 1988 2855 os
2001 2820 2190 2867 Germany.
2370 2818 2379 2838 ¹
2402 2818 2494 2853 Now

564 2875 814 2920 Scarborough.
960 2875 975 2895 ¹¹
996 2876 1085 2911 This
1102 2876 1182 2911 date
1199 2876 1262 2911 has
1288 2877 1466 2923 originally
1481 2878 1572 2912 been
1596 2877 1666 2923 xiij.
1684 2878 1749 2912 but
1772 2876 1835 2912 the
1850 2877 1919 2912 last
1935 2877 2093 2912 numeral
2109 2876 2173 2912 has
2189 2877 2279 2911 been
2304 2875 2426 2910 erased
2437 2889 2495 2914 3—

562 2935 584 2949 “
603 2938 638 2964 et
651 2930 919 2966 dimidio''-has
936 2931 1023 2966 then
1034 2933 1124 2967 been
1141 2933 1264 2973 added,
1285 2933 1402 2968 which
1419 2933 1482 2968 has
1499 2932 1699 2968 afterwards
1716 2934 1806 2969 been
1823 2933 1943 2969 struck
1954 2932 2118 2979 through.
2163 2933 2302 2967 Fordun
2318 2941 2397 2977 says
2413 2929 2491 2964 that

562 2984 606 3018 he
640 2986 778 3029 reigned
804 2987 931 3022 twelve
955 2999 1067 3033 years,
1096 2987 1196 3023 three
1222 2988 1364 3023 months
1397 2988 1467 3024 and
1499 3000 1607 3024 seven
1640 2989 1736 3036 days,
1771 2989 1794 3024 i.
1828 2990 1912 3028 457.
2057 2988 2069 3010 ¹
2091 2988 2158 3024 See
2182 2987 2334 3026 Fadum
2356 2985 2380 3020 i·
2407 2987 2489 3018 458-

562 3038 587 3053 ¹¹¹
609 3039 648 3073 In
667 3039 879 3087 Normandy.
925 3045 1071 3078 Monast.
1091 3043 1222 3090 Anglie.
1241 3043 1276 3078 ii.
1299 3046 1400 3085 1015,
1420 3045 1502 3079 edit.
1526 3047 1627 3080 1661.
1772 3043 1790 3059 ¹¹
1811 3045 1878 3080 See
1895 3056 1940 3080 an
1957 3049 2091 3079 extract
2104 3042 2194 3078 from
2205 3041 2268 3076 the
2283 3038 2388 3086 papa!
2403 3038 2488 3078 bun.

563 3093 703 3129 relative
721 3103 758 3130 to
774 3097 843 3130 this
858 3104 968 3142 grant,
988 3098 1023 3132 in
1040 3098 1101 3133 the
1119 3099 1273 3134 Momm.
1287 3099 1375 3134 Ann.
1394 3111 1430 3145 p,
1448 3102 1507 3141 82,
1526 3100 1645 3135 where
1660 3100 1688 3134 it
1703 3100 1732 3135 is
1749 3100 1888 3146 printed
1902 3099 1991 3135 from
2006 3098 2070 3134 the
2089 3095 2296 3142 Chnnrlary
2311 3093 2355 3130 of
2366 3093 2488 3129 Kelso.

563 3147 579 3161 ⁰
599 3149 747 3190 Famam
767 3150 789 3184 i.
805 3154 884 3191 458,
903 3155 995 3192 459;
1023 3154 1151 3188 Hoved.
1170 3154 1230 3188 fol.
1250 3157 1331 3190 289.
1500 3154 1516 3174 ¹³
1545 3154 1632 3190 This
1650 3166 1722 3189 was
1742 3155 1939 3202 Gospatric,
1958 3153 2022 3190 the
2036 3151 2155 3191 fourth
2172 3150 2215 3186 of
2222 3150 2285 3186 the
2301 3161 2404 3186 name
2421 3149 2490 3185 and

561 3202 653 3238 third
669 3204 762 3244 ear13
781 3206 945 3252 Douglas,
964 3207 998 3242 ii.
1020 3209 1109 3248 167;
1137 3209 1287 3250 Fordun,
1305 3210 1327 3244 i.
1346 3211 1428 3250 459,
1457 3210 1587 3245 Hoved.
1605 3209 1665 3245 sol.
1684 3211 1765 3245 28⁹.
