2852 3874
503 491 565 535 32
949 486 1375 537 CHRONICA
1418 485 1520 535 DE
1569 482 1973 536 MAILROS.
2180 488 2313 538 A.D.
2338 493 2453 545 958.

597 611 740 660 Anno
765 609 1040 674 ncccc.lviij.
1064 610 1258 658 sanctus
1284 608 1393 658 Odo
1421 607 1769 659 Cantuarienfis
1806 611 2198 677 archiepiscopus,
2237 614 2456 679 migravit

530 690 590 739 ad
618 690 866 744 Christum,
891 688 966 736 cui
990 687 1197 736 successit
1220 687 1466 753 episcopus
1493 686 1829 738 Wintonienfis
1854 688 2060 746 Elflius,¹¹
2084 698 2133 738 et
2168 689 2457 740 Brihtelmus

529 769 765 817 ordinatur
787 783 871 833 pro
895 783 968 815 eo.

594 848 736 896 Anno
760 845 1002 895 ncccc.lix.
1021 844 1192 894 Elffius
1213 844 1586 895 Dorobernenfis
1605 846 1995 914 archiepiscopus,
2014 847 2127 897 dum
2148 847 2351 898 Romam
2372 866 2457 915 pro

526 926 666 992 pallio
691 933 922 991 pergeret,
946 925 994 973 in
1021 925 1206 990 Alpinis
1229 924 1467 974 montibus
1490 926 1664 991 frigore
1688 926 1878 976 defecit.

592 1005 776 1054 Eodem
802 1022 925 1053 anno
949 1021 1030 1053 rex
1055 1004 1246 1053 Edwius
1269 1003 1523 1053 defunctus
1551 1005 1841 1055 Winthoniae
1865 1007 2073 1072 sepultus
2097 1006 2180 1063 est,
2205 1007 2341 1073 cujus
2364 1009 2455 1057 fra·

526 1095 594 1134 ter
620 1085 839 1150 Edgarus
864 1084 1014 1132 tocius
1039 1083 1170 1149 regni
1198 1082 1462 1149 Anglorum
1496 1085 1753 1133 monarcha
1776 1086 1990 1142 efficitur,
2015 1103 2138 1135 anno
2173 1088 2325 1136 aetatis
2363 1089 2455 1137 suae

526 1166 652 1230 xvij„
679 1164 906 1212 adventus
933 1162 1197 1229 Anglorum
1221 1163 1267 1211 in
1294 1162 1586 1212 Britanniam
1623 1181 1731 1214 Dcx.
1759 1164 1819 1214 ab
1844 1164 2048 1214 adventu
2083 1166 2231 1215 sanfifi
2269 1167 2455 1233 Augus-

525 1245 609 1293 tini
633 1244 846 1308 ccc.lxiij.

595 1324 699 1389 Ipso
729 1340 851 1371 anno
890 1321 1175 1370 Brihtelmus
1200 1321 1534 1370 Dorfetefiumi
1574 1323 1819 1388 episcopus
1844 1324 1905 1372 ad
1945 1325 2198 1389 primatum
2243 1326 2453 1375 Cantua-

525 1403 681 1452 rienfis
705 1402 823 1451 sedis
848 1402 1066 1466 eligitur3
1102 1401 1181 1449 sed
1205 1401 1316 1465 quia
1340 1401 1493 1450 minus
1529 1401 1774 1450 videbatur
1814 1403 2027 1459 idoneus,
2067 1404 2191 1468 juffu
2231 1407 2355 1471 regis
2393 1407 2453 1454 ad

524 1482 679 1531 sedem
708 1483 837 1529 suam
874 1480 1025 1528 rediit.
1097 1480 1284 1528 Dehinc
1321 1480 1488 1529 beatus
1527 1481 1801 1530 Dunstanus
1843 1482 2167 1548 Wigornenfis
2207 1485 2452 1551 episcopus

524 1571 637 1610 nuto
667 1562 822 1609 divino
861 1559 1047 1621 divino>k
1083 1567 1131 1607 et
1166 1560 1425 1623 sapientum
1464 1559 1652 1608 confilio
1687 1561 1849 1624 primae
1886 1562 2159 1626 metropolis
2185 1563 2451 1628 Anglorum

522 1642 693 1706 primas
718 1648 764 1687 et
802 1638 1066 1704 patriarcha
1095 1637 1386 1685 constituitur
1402 1637 1427 1692 ;1
1462 1638 1596 1702 cujus
1625 1639 1842 1687 doctrina
1879 1647 1926 1687 et
1964 1640 2226 1689 eruditione
2253 1643 2452 1691 multum

522 1719 766 1784 proficiens
790 1734 869 1765 rex
896 1716 1132 1781 Edgarus‚
1153 1715 1352 1780 abjectis
1377 1733 1405 1763 a
1429 1717 1657 1766 coenobiis
1682 1718 1957 1766 clericorum
1982 1719 2260 1769 secularium
2285 1723 2450 1779 neniis,

520 1798 856 1846 monachorum
879 1796 941 1844 xl.
967 1795 1203 1843 constituit
1226 1795 1521 1844 monasteria.

589 1878 730 1925 Anno
756 1875 982 1924 Dcccclx.
1008 1875 1196 1922 sanctus
1239 1874 1513 1923 Dunstanus
1557 1875 1758 1924 Romam
1783 1877 2039 1942 perfectus,
2081 1878 2341 1928 indictione
2384 1882 2448 1946 iij.

520 1957 713 2022 pallium
749 1973 777 2003 a
814 1954 1038 2003 Joannem
1069 1970 1194 2018 papa
1230 1954 1459 2018 suscepit3
1495 1954 1679 2003 rediens
1718 1963 1894 2011 autem,
1926 1956 2145 2021 precibus
2182 1958 2383 2008 obtinuit
2423 1980 2450 2008 a

520 2053 632 2101 rege
658 2043 708 2082 ut
732 2031 1076 2099 praedecess'oris
1100 2032 1167 2079 sui
1195 2031 1379 2080 Odonis
1412 2033 1647 2083 fratruelis
1688 2033 1929 2083 Oswaldus
1966 2035 2154 2085 humilis
2190 2039 2450 2088 monachus

523 2115 582 2162 ad
607 2114 924 2179 episcopatum
952 2111 1312 2176 Wigornensem
1335 2111 1626 2160 ordinaretur
1649 2114 1892 2178 pontifex3
1929 2116 2225 2165 consecratus
2261 2118 2327 2166 est
2364 2120 2449 2184 igi-

521 2203 594 2242 tur
619 2211 646 2241 a
671 2193 812 2240 beato
839 2191 1085 2239 Dunstano
1109 2190 1298 2239 samstns
1321 2191 1388 2238 vir
1412 2191 1507 2239 vir¹¹
1534 2192 1791 2241 Oswaldus.

590 2272 754 2337 [Anno
780 2271 1024 2335 ncceclxj.
1051 2287 1131 2318 rex
1160 2269 1428 2319 Scottorum
1456 2270 1669 2321 Indulfus
1704 2272 1971 2338 occiditur.]

588 2353 728 2399 Anno
753 2350 1013 2414 nocco.lxij.

590 2431 729 2478 Anno
769 2429 1046 2494 Dcccc.lxiij.
1085 2428 1408 2479 AEdelwoldus
1446 2431 1723 2480 venerabilis
1760 2431 1908 2481 abbas
1946 2450 1974 2480 a
2014 2432 2156 2482 beato
2199 2435 2447 2486 Dunstano

522 2511 764 2564 educatus,
792 2509 1049 2557 Brihtelmo
1074 2508 1280 2564 succeffit
1305 2510 1623 2575 episcopatum
1653 2511 1912 2560 VVintonie.

592 2590 796 2638 Sanctus
823 2588 1123 2636 Adelwoldus
1140 2588 1264 2652 juffu
1288 2590 1412 2655 regis
1438 2590 1616 2656 Edgari
1642 2590 1840 2656 expulfis
1864 2591 2059 2647 clericis,
2096 2601 2229 2642 vetus
2266 2598 2446 2666 mona(-

520 2669 686 2716 terium
715 2668 956 2716 Wintonie
981 2684 1087 2715 cum
1111 2668 1353 2717 monachis
1376 2669 1585 2718 instituit.

586 2747 727 2794 Anno
766 2747 1038 2795 Dcccclxiv.
1078 2764 1158 2795 rex
1199 2747 1464 2813 Anglorum
1515 2749 1740 2814 pacificus
1779 2750 2001 2816 Edgarus
2055 2751 2261 2819 Ordgari
2313 2754 2447 2803 ducis

522 2826 849 2891 Dompnanie⁰
872 2826 1015 2874 filiam
1051 2827 1240 2875 nomine
1274 2827 1598 2884 Elsthridam,1>
1634 2829 1737 2893 post
1759 2838 1958 2878 mortem
1995 2831 2079 2879 viri
2118 2832 2220 2896 ejus
2246 2832 2443 2881 Elwoldi

519 2904 701 2970 gloriosi
725 2905 856 2953 ducis
882 2904 1228 2971 Estanglorum,
1254 2906 1300 2954 in
1323 2907 1671 2957 matrimonium
1696 2910 1907 2974 accepit;
1943 2927 2000 2958 ex
2036 2928 2132 2975 qua
2169 2912 2288 2961 duos
2324 2912 2444 2960 filios

569 3049 585 3068 ¹¹
606 3048 759 3083 Elfsius?
785 3061 843 3084 see
859 3050 921 3085 the
937 3049 1113 3096 following
1127 3062 1220 3097 year.
1367 3052 1376 3072 ¹
1397 3052 1674 3088 Dorsetensium.
1718 3056 1754 3091 S.
1773 3055 1935 3090 Dunelm.
1955 3055 2021 3090 col.
2044 3056 2122 3093 157.
2267 3055 2281 3075 ¹¹
2304 3061 2328 3076 “
2344 3056 2442 3091 Divi-

519 3104 592 3138 no''
610 3103 638 3137 is
655 3105 817 3148 repeated
845 3105 879 3139 in
908 3105 969 3140 the
990 3105 1068 3140 MS.
1214 3106 1225 3127 ¹
1248 3106 1289 3141 In
1308 3109 1388 3147 961,
1415 3108 1599 3154 according
1625 3115 1664 3144 to
1691 3109 1754 3144 the
1771 3111 1853 3145 Sat.
1873 3111 2015 3148 Cla-orm
2041 3110 2076 3146 in
2095 3112 2175 3149 964,
2206 3111 2390 3156 according
2406 3119 2443 3146 to

519 3160 653 3197 Diceto,
674 3158 739 3192 col.
759 3161 838 3193 456.
982 3159 1007 3178 ²¹¹
1029 3160 1126 3206 Pope
1143 3160 1238 3195 John
1255 3161 1316 3196 the
1335 3162 1502 3197 Twelsth.
1647 3163 1664 3179 ¹²
1687 3164 1782 3200 Such
1810 3165 1839 3200 is
1867 3164 1929 3199 the
1945 3163 2056 3210 faulty
2071 3164 2212 3210 reading
2227 3165 2269 3200 of
2278 3165 2339 3200 the
2362 3166 2439 3201 MS.

518 3218 534 3232 ⁰
556 3217 608 3253 Of
621 3217 849 3253 Devonshire.
903 3220 970 3254 See
988 3220 1168 3266 Brompton
1187 3221 1256 3256 and
1274 3221 1514 3270 Malum-rhum,
1534 3222 1568 3257 ii.
1587 3226 1621 3258 8.
1767 3224 1782 3244 ¹²
1803 3223 1874 3259 She
1891 3225 1920 3259 is
1937 3223 2047 3260 called
2063 3223 2227 3260 AElfritha
2242 3226 2288 3272 by
2304 3227 2439 3268 Dic-eto,

519 3278 584 3314 col.
604 3280 683 3316 457.
