2852 3874
173 1146 233 1182 fol.
257 1148 311 1180 10.

399 439 531 489 A.D.
575 443 715 488 1005.
857 435 1285 488 CHRONICA
1329 435 1431 486 DE
1478 435 1865 486 MAILROS.
2266 444 2325 488 41

462 577 604 626 Anno
636 592 738 626 ΜΝ.
778 575 896 625 Dira
929 576 1081 625 fames
1115 573 1342 641 Angliam
1375 573 1553 631 invafit,
1585 574 1711 623 unde
1745 591 1826 623 rex
1859 573 2107 623 Danorum
2143 575 2330 626 Suanus

394 656 795 705 Danemarchiam
819 656 949 712 adiit,
974 655 1077 721 post
1098 672 1194 703 non
1217 655 1413 720 longum
1435 662 1623 720 tempus
1646 655 1923 704 reversurus.

461 736 594 786 Obiit
617 753 743 802 papa
764 736 827 785 G.
851 735 946 791 G.,¹
969 736 1044 784 cui
1062 734 1272 784 successit
1289 734 1318 783 J
1321 734 1532 783 ohannes
1556 734 1654 799 ipso
1674 749 1798 782 anno
1822 734 2003 790 obiens,
2018 734 2104 783 'cui
2122 735 2329 784 succeflit

396 816 619 865 Siluester
650 816 732 881 qui
767 823 815 864 et
849 814 1126 864 Gerbertus.
1199 813 1344 861 Istum
1381 813 1543 861 dicunt
1578 812 1712 861 fuifl'e
1747 812 2033 862 Gerbertum
2069 813 2330 876 hominium

391 895 597 951 diabolo,
622 902 674 943 ut
697 911 807 943 eum
830 895 1010 942 faceret
1034 891 1096 940 ad
1118 892 1321 939 honores
1344 899 1554 939 terrenos
1579 891 1846 948 ascendere,
1871 892 1931 940 de
1955 909 2050 958 quo
2074 893 2257 950 dicitur,

723 971 910 1020 Tranfit
935 970 996 1019 ab
1020 986 1069 1019 n.
1099 969 1361 1018 Gerbertus
1384 970 1432 1017 in
1458 986 1506 1017 n.
1531 970 1582 1016 fit
1605 986 1732 1034 papa
1754 970 1919 1035 vigens
1942 987 1991 1019 n.

391 1054 439 1101 id
463 1052 545 1108 est,
577 1052 637 1100 de
662 1051 1064 1116 archiepiscopatu
1099 1048 1318 1097 Remenfi
1342 1048 1403 1096 ad
1428 1047 1880 1113 archiepiscopatum
1905 1049 2198 1099 Rauennane
2222 1052 2328 1100 civi-

390 1132 516 1186 tatis,
541 1147 635 1196 que
667 1138 779 1178 tunc
802 1129 1026 1194 temporis
1050 1127 1252 1194 gloriosa
1276 1134 1377 1175 erat
1400 1127 1520 1175 inter
1545 1127 1808 1182 cathedras,
1834 1127 2025 1175 demum
2049 1129 2111 1176 ad
2133 1146 2328 1186 summe,

388 1211 438 1258 id
456 1211 524 1259 est
550 1209 766 1258 Romane
790 1209 911 1257 sedis
936 1208 1135 1273 apicem.
1207 1206 1429 1255 Eundem
1452 1223 1562 1254 vero
1587 1206 1779 1255 interius
1807 1207 1970 1271 postea
1994 1209 2330 1272 compunctum

389 1299 437 1338 et
461 1290 664 1338 exterius
687 1288 967 1337 horribiliter
991 1287 1230 1342 afflictum,
1249 1302 1418 1335 manus
1436 1293 1483 1334 et
1500 1286 1647 1351 pedes
1666 1285 1865 1334 abscisos
1883 1285 2071 1334 diabolo
2090 1288 2329 1352 projecifl'e

389 1370 566 1425 dicunt,
599 1376 647 1417 et
669 1368 732 1417 fic
754 1376 972 1416 truncum
996 1366 1157 1414 obiiffe
1176 1374 1223 1414 et
1246 1366 1367 1414 inter
1391 1365 1557 1414 beatos
1582 1365 1878 1414 collocatum.

460 1448 602 1497 Anno
634 1449 754 1512 M.vj.
794 1447 910 1495 obiit
950 1446 1157 1495 Alfricus
1199 1445 1570 1493 Dorobernenfis
1609 1445 1983 1511 archiepiscopus
2019 1447 2093 1494 cui
2130 1446 2329 1513 Elfegus

396 1527 731 1576 Wintonienfis
750 1527 996 1591 episcopus
1014 1525 1237 1580 succeffit,
1255 1532 1302 1572 et
1317 1542 1401 1589 pro
1418 1525 1496 1572 illo
1517 1524 1751 1572 Kenulfus
1767 1525 2052 1573 substituitur
2068 1527 2326 1592 episcopus.

460 1608 707 1655 Danorum
743 1605 890 1654 claflis
925 1605 1152 1669 Angliam
1185 1603 1427 1658 advecta‚¹‘
1457 1603 1574 1650 cede
1607 1611 1654 1650 et
1689 1603 1905 1650 incendio
1941 1621 2130 1668 queque
2167 1607 2327 1654 consu-

390 1704 539 1742 mens,
569 1686 807 1740 Cantiam,
838 1684 1221 1738 Suthsaxonium,
1252 1683 1695 1731 Suthamtonensem
1719 1683 2021 1747 provinciam,
2049 1683 2326 1734 Barrochire

391 1766 638 1814 devastans
663 1765 724 1812 ad
740 1781 892 1812 *naves
916 1780 1024 1811 cum
1048 1763 1208 1827 praeda
1232 1762 1488 1827 repedavit.

458 1844 601 1892 Anno
626 1844 763 1908 M.vij.
790 1842 906 1890 obiit
930 1859 1056 1907 papa
1086 1841 1334 1897 Silvester,¹
1358 1842 1433 1889 cui
1458 1842 1666 1890 successit
1692 1842 1720 1890 J
1724 1843 1949 1891 ohannes.

459 1923 562 1971 Rex
588 1922 808 1970 Eilredus
838 1920 1108 1969 neceffitate
1134 1920 1414 1984 compulsus,
1440 1938 1524 1985 pro
1543 1937 1668 1985 pace
1693 1922 1885 1969 ulterius
1916 1923 2143 1970 servanda
2169 1918 2322 1988 ffivj.

394 2002 616 2068 [36‚000]
644 2002 867 2049 librarum
893 1999 1121 2048 tributum
1147 2000 1299 2047 Danis
1323 1999 1514 2065 fingulis
1539 2001 1672 2048 annis
1696 2000 1955 2065 persolvere
1982 2001 2212 2049 conceffit.

458 2082 567 2139 Quo
588 2098 711 2129 anno
732 2082 875 2129 etiam
894 2097 975 2128 rex
995 2079 1237 2135 Edricum,
1257 2087 1573 2144 cognomento
1598 2080 1812 2135 Streone,
1831 2080 2076 2144 perfidum,
2096 2088 2143 2129 et
2166 2081 2326 2146 postea

388 2162 538 2227 patrie
563 2161 864 2226 proditorem,
889 2160 999 2208 licet
1023 2176 1170 2224 gener
1193 2159 1318 2224 regis
1342 2159 1498 2214 fuerit,
1527 2159 1816 2207 Marciorum
1840 2160 2076 2207 constituit
2101 2160 2284 2208 ducem.

458 2241 600 2289 Anno
625 2240 778 2305 M.viij.
806 2239 921 2287 obiit
945 2256 1071 2304 papa
1097 2238 1125 2286 J
1129 2238 1390 2294 ohannes,¹¹¹
1414 2239 1489 2286 cui
1514 2238 1720 2286 succeffit
1745 2238 2003 2287 Johannes.

457 2319 561 2369 Rex
595 2319 814 2368 Eilredus
844 2336 989 2367 naves
1020 2335 1103 2383 per
1131 2325 1281 2366 totam
1312 2316 1540 2382 Angliam
1575 2318 1753 2365 intente
1786 2318 1983 2383 precipit
2016 2318 2249 2374 fabricari,
2275 2328 2325 2367 ut

389 2401 522 2465 regni
546 2400 613 2447 sui
637 2401 753 2447 fines
768 2407 849 2446 utn
874 2398 933 2446 ab
959 2405 1225 2446 exterorum
1249 2398 1504 2462 irruptione
1530 2397 1819 2445 defenderet.

457 2479 600 2527 Anno
624 2480 744 2527 M.ix.
772 2479 887 2526 obiit
911 2495 1038 2543 papa
1062 2477 1090 2526 J
1094 2477 1333 2526 ohannes⁰
1358 2477 1433 2524 cui
1456 2477 1663 2524 successit
1693 2477 1914 2541 Sergiusp
1938 2494 2077 2541 papa.

458 2558 699 2607 Turkillus
734 2575 893 2606 comes
929 2574 1036 2605 cum
1067 2558 1150 2605 sua
1182 2556 1335 2612 claffe,
1368 2564 1415 2604 et
1449 2556 1716 2621 Hemingus
1752 2563 1799 2604 et
1833 2555 2019 2603 Ailafus
2054 2573 2161 2604 cum
2193 2557 2323 2605 innu-

390 2637 602 2686 merabili
635 2637 842 2685 exercitu
876 2636 1124 2684 Danorum
1157 2636 1218 2684 ad
1250 2635 1520 2684 Tenetland
1551 2636 1747 2683 insulam
1780 2635 2120 2700 applicuerunt,
2154 2635 2323 2683 deinde

391 2718 628 2765 civitatem
661 2715 918 2764 Cantuarie
956 2715 1210 2779 infringere
1248 2715 1595 2779 incipientibus,
1629 2715 1817 2762 dextras
1849 2714 2078 2762 dederunt
2115 2714 2240 2761 cives
2277 2723 2324 2762 et

390 2797 641 2846 orientales
681 2795 867 2849 Cantie,
901 2802 948 2842 et
980 2794 1047 2842 eis
1078 2786 1142 2859 i‘ij.
1178 2793 1351 2858 [3000]
1390 2793 1613 2840 librarum
1644 2810 1728 2857 pro
1759 2793 1892 2840 firma
1926 2809 2044 2856 pace
2076 2792 2320 2840 dederunt.

437 2931 445 2950 ¹
469 2930 624 2975 Gregory
632 2929 674 2963 V.
685 2928 764 2963 died
777 2939 823 2962 on
830 2927 892 2962 the
903 2927 987 2961 lSth
1000 2927 1042 2961 of
1055 2927 1240 2972 February,
1251 2929 1332 2966 999,
1349 2926 1419 2961 and
1431 2938 1502 2961 was
1511 2925 1706 2961 succeeded
1712 2927 1759 2971 by
1774 2925 1938 2960 Silvester
1948 2926 2010 2966 ΙΙ.,
2024 2925 2188 2973 formerly
2199 2928 2327 2964 named

393 2986 554 3020 Gerbert.
609 2984 689 3019 The
714 2990 810 3029 story
827 2982 868 3018 of
889 2982 942 3017 his
969 2982 1166 3017 connexion
1183 2981 1269 3016 with
1285 2981 1348 3016 the
1375 2981 1467 3016 devil
1484 2981 1675 3026 originated
1698 2981 1787 3015 from
1805 2981 1858 3015 his
1875 2981 1953 3016 skill
1976 2982 2012 3016 in
2029 2981 2090 3016 the
2106 2982 2244 3017 natural
2260 2983 2326 3018 sci-

388 3052 505 3075 ences.
632 3039 646 3059 ¹³
668 3039 709 3073 In
726 3039 819 3084 July.
858 3039 894 3072 S.
904 3039 1065 3072 Dunelm.
1078 3037 1144 3072 col.
1167 3040 1244 3072 166.
1389 3036 1401 3057 ¹
1423 3036 1587 3071 Silvester
1606 3036 1654 3071 II.
1673 3036 1753 3071 died
1765 3048 1860 3082 upon
1876 3036 1938 3071 the
1959 3037 2043 3071 llth
2059 3037 2101 3072 of
2109 3037 2203 3084 May,
2222 3040 2324 3073 1003.

389 3094 416 3111 ¹¹¹
434 3095 531 3130 John
551 3094 670 3130 XVII.
690 3094 771 3129 died
792 3105 887 3139 upon
911 3093 973 3128 the
991 3096 1071 3128 3lst
1087 3093 1129 3128 of
1142 3093 1307 3133 October,
1330 3094 1432 3127 1003.
1552 3091 1570 3106 ¹²
1592 3092 1671 3126 The
1686 3092 1872 3137 repetition
1890 3091 1932 3126 of
1941 3092 2010 3127 this
2027 3093 2135 3134 word,
2158 3098 2182 3113 ‘⁶
2199 3095 2273 3134 ut‚”
2297 3094 2326 3128 is

389 3150 543 3185 inserted
558 3149 646 3185 from
662 3149 724 3184 the
745 3148 838 3189 MS„
853 3149 917 3183 but
927 3149 954 3182 it
966 3148 1123 3195 destroys
1136 3148 1198 3183 the
1210 3159 1323 3182 sense.
1422 3146 1437 3162 ⁰
1446 3146 1542 3182 John
1559 3147 1698 3182 XVIII.
1713 3147 1895 3182 abdicated
1905 3148 2013 3184 about
2024 3147 2086 3184 the
2095 3148 2166 3184 end
2177 3148 2219 3184 of
2229 3148 2323 3195 May,

394 3207 496 3240 1009.
595 3204 611 3225 ¹²
628 3204 765 3251 Sergius
782 3216 853 3240 was
870 3203 1006 3240 elected
1024 3204 1122 3251 Pope
1145 3204 1306 3240 between
1334 3202 1426 3240 June
1446 3202 1500 3245 17,
1525 3202 1595 3238 and
1614 3202 1752 3249 August
1768 3204 1825 3244 24,
1848 3205 1950 3238 1009.

962 3281 993 3312 Ε
