2904 3886
647 502 742 547 208
1111 494 1676 547 CHRONICA'DE
1726 495 2105 549 MAILROS.
2264 500 2397 551 A.D.
2428 503 2570 552 1268.

643 654 732 687 nus
751 637 998 686 accederet
1013 636 1074 684 ad
1091 636 1256 701 ipsum,
1271 635 1386 684 ficut
1403 652 1492 684 nec
1509 637 1730 701 sompnus
1748 635 1810 684 ad
1830 635 2071 686 Simonem
2088 636 2281 687 Petrum
2295 638 2573 697 credebatur

643 716 873 765 accidiffe.
947 715 1073 763 Ecce
1110 714 1344 779 predulcis
1379 715 1669 780 comparatio
1710 715 1915 764 Simonis
1950 715 2011 765 ad
2051 716 2310 774 Simonem,
2345 716 2459 767 dum
2495 718 2574 769 hic

642 794 834 859 persistit
858 795 905 842 in
930 794 1152 842 continua
1176 794 1388 842 oratione
1413 801 1523 842 ante
1550 793 1710 842 Deum
1733 793 1924 860 singulis
1946 794 2184 852 noctibus,
2208 796 2287 844 ille
2318 796 2367 845 in
2390 797 2573 847 creber-

641 874 759 921 rima
792 872 1116 921 recordatione
1151 874 1415 921 sermonum
1452 873 1552 922 Dei
1584 873 1713 922 omni
1748 874 1908 931 noste,
1940 891 2061 940 quos
2097 873 2328 924 habuerat
2362 877 2575 943 sequenti

642 952 718 1000 die
754 953 815 1001 ad
849 952 1048 1017 populos
1079 953 1322 1017 predicare
1358 952 1638 1001 incredulos.
1714 952 1907 1002 Sciebat
1943 954 2068 1002 enim
2097 954 2260 1003 Simon
2294 955 2492 1022 pervigil
2527 955 2576 1005 in

641 1034 853 1081 oratione
878 1031 1019 1080 corde
1043 1040 1181 1080 tenus
1208 1032 1502 1087 Primarium‚
1527 1031 1703 1080 sciebat
1727 1039 1774 1080 et
1801 1033 2078 1081 Psalterium
2101 1041 2150 1082 et
2181 1033 2298 1082 alias
2321 1035 2575 1091 orationes,

641 1130 760 1178 quas
794 1112 972 1161 noctim
1007 1111 1101 1159 fine
1137 1111 1464 1159 intermistione
1500 1108 1607 1159 cum
1643 1111 1886 1161 alacritate
1922 1120 1970 1160 et
2001 1112 2252 1162 devotione
2282 1129 2574 1178 percurrens,

640 1209 735 1241 non
768 1193 1010 1240 immemor
1041 1191 1128 1238 fuit
1165 1188 1335 1239 amoris
1358 1190 1425 1238 sui
1451 1191 1673 1239 creatoris
1701 1198 1748 1239 et
1778 1191 2108 1239 mandatorum
2140 1192 2257 1256 ejus.
2331 1191 2472 1241 Unde
2505 1193 2573 1241 ni-

642 1272 810 1320 mirum
829 1287 887 1318 ex
906 1270 994 1318 hiis
1013 1268 1292 1318 credebatur
1310 1270 1497 1334 placere
1513 1270 1692 1317 summo
1711 1270 1956 1326 conditori,
1973 1271 2212 1336 presertim
2229 1270 2263 1319 fi
2280 1287 2440 1320 verum
2457 1280 2572 1327 erat,

641 1352 784 1399 immo
803 1350 914 1415 quia
933 1365 1094 1397 verum
1113 1356 1228 1404 erat,
1248 1348 1376 1413 quod
1401 1366 1429 1395 a
1453 1348 1710 1396 secretariis
1728 1349 1820 1396 suis
1838 1349 2137 1398 cubiculariis
2155 1350 2258 1398 aliis
2282 1348 2573 1399 referebatur

642 1431 701 1478 de
725 1447 800 1484 eo,
825 1429 997 1476 scilicet
1022 1427 1150 1492 quod
1178 1427 1304 1475 omni
1337 1426 1413 1474 die
1443 1428 1686 1491 nostuque
1710 1427 1901 1476 vestitus
1923 1429 2012 1476 fuit
2044 1429 2218 1484 cilici03
2253 1429 2388 1493 cujus
2410 1430 2570 1495 fruga-

640 1510 746 1557 litas
787 1510 834 1556 in
875 1507 1003 1555 victu
1044 1514 1144 1554 erat
1178 1504 1457 1570 parsimonia
1496 1505 1763 1561 laudabilis,
1805 1507 1938 1571 cujus
1981 1507 2183 1555 amictus
2219 1505 2571 1564 comendabilis,

640 1604 734 1635 non
759 1588 884 1635 enim
908 1584 1181 1634 ambulabat
1216 1584 1263 1631 in
1298 1584 1483 1649 magnis
1506 1601 1662 1649 neque
1698 1585 1745 1632 in
1779 1585 2071 1633 mirabilibus
2095 1586 2231 1650 super
2255 1586 2318 1641 se,
2343 1585 2423 1634 sed
2454 1587 2574 1635 inter

641 1669 745 1716 suos
776 1665 1055 1714 domesticos
1087 1671 1335 1712 contentus
1371 1670 1471 1711 erat
1505 1664 1684 1712 ami6tu
1719 1664 1888 1720 roffeti,
1924 1665 2045 1712 inter
2079 1664 2283 1729 majores
2314 1672 2435 1713 terre
2470 1683 2574 1714 raro

640 1745 837 1800 scarleti,
873 1744 1145 1808 frequenter
1176 1759 1286 1790 vero
1319 1741 1496 1790 bloueti
1528 1743 1601 1790 vel
1636 1742 1821 1798 burneti
1857 1743 2165 1791 amiciebatur
2199 1742 2491 1800 indumento,
2524 1754 2575 1794 ut

640 1826 792 1874 minus
815 1824 935 1872 forte
960 1823 1226 1888 suspectum
1256 1819 1737 1870 haberetur'cilicium
1769 1821 1926 1870 subter
1956 1821 2189 1877 indutum,
2222 1821 2281 1870 de
2306 1839 2401 1887 quo
2425 1825 2574 1872 sermo

638 1903 825 1953 fortass‘e
850 1903 1041 1957 exierat,
1067 1908 1204 1966 prout
1235 1901 1331 1966 ipse
1356 1900 1609 1955 dubitarat,
1635 1900 1755 1948 inter
1785 1899 2015 1948 homines.
2089 1900 2266 1950 Rursus
2290 1902 2349 1949 de
2381 1903 2574 1968 frugali-

639 1992 737 2032 tate
763 1983 863 2048 ejus
887 1998 1045 2046 parca,
1066 1988 1112 2028 et
1135 1979 1330 2045 proinde
1354 1978 1597 2034 laudabili,
1617 1979 1736 2027 inter
1760 1978 1947 2027 divitias
1965 1978 2295 2028 habundantes
2314 1989 2362 2029 et
2381 1980 2574 2030 delicias

642 2063 901 2115 affluentes,
927 2060 1040 2124 quid
1064 2059 1234 2113 dicam,
1258 2057 1341 2106 nifi
1365 2057 1493 2122 quod
1516 2058 1764 2123 frugalitas
1788 2058 1890 2123 ejus
1913 2057 2059 2106 habet
2083 2060 2344 2123 comparari
2369 2060 2573 2109 Simonis

645 2141 770 2188 Petri
802 2139 1097 2204 pauperrimo
1121 2136 1346 2185 victuali?
1412 2136 1509 2184 Sed
1541 2144 1588 2184 et
1623 2136 1950 2184 indumentum
1979 2138 2081 2202 ejus
2106 2138 2315 2202 ejusdem
2343 2139 2470 2186 Petri
2501 2139 2572 2188 Si-

640 2219 791 2267 monis
815 2217 957 2265 debet
976 2215 1234 2279 comparari
1260 2214 1533 2262 indumento
1552 2215 1765 2280 pauperi,
1785 2215 1919 2280 cujus
1937 2216 2143 2264 vififflale
2169 2224 2269 2264 erat
2292 2217 2414 2265 solus
2438 2219 2573 2282 panis

642 2314 750 2346 cum
773 2297 921 2351 olivis,
946 2295 1027 2360 qui
1052 2294 1194 2343 etiam
1226 2310 1329 2341 raro
1354 2294 1401 2341 in
1426 2294 1509 2341 usu
1531 2306 1714 2358 'panem
1745 2293 1954 2342 habebat
1979 2311 2087 2342 cum
2111 2295 2328 2343 oleribus.
2405 2297 2501 2345 Sed
2525 2306 2572 2345 et

642 2376 965 2424 indumentum
989 2372 1127 2438 ipsius
1148 2372 1274 2420 Petri
1299 2379 1399 2420 erat
1423 2372 1519 2420 sola
1543 2373 1703 2420 tunica
1728 2389 1836 2420 cum
1859 2373 2017 2437 pallio,
2043 2390 2136 2438 que
2162 2373 2256 2421 duo
2282 2375 2572 2423 sufficiebant

642 2455 738 2510 fibi,
763 2462 814 2502 ut
839 2454 934 2518 ipse
960 2451 1132 2501 aiebat.
1204 2451 1281 2499 De
1304 2451 1393 2499 hiis
1417 2451 1556 2499 rebus
1583 2451 1710 2499 Petri
1742 2450 1942 2499 habetur
1965 2451 2084 2499 libro
2109 2453 2281 2500 o6’cavo
2307 2453 2572 2517 supradicte

642 2534 858 2598 hystorie,
883 2533 1007 2580 circa
1030 2530 1309 2596 principium
1339 2529 1458 2578 libri.
1529 2529 1790 2578 Videamus
1823 2530 1978 2578 adhuc
2009 2531 2161 2596 qualis
2195 2532 2442 2597 frugalitas
2473 2541 2572 2581 erat

641 2615 688 2661 in
726 2613 917 2661 Simone
951 2610 1112 2658 milite.
1185 2609 1248 2657 Et
1283 2608 1522 2657 sciendum
1556 2608 1686 2674 quod
1720 2609 1967 2674 frugalitas
1998 2609 2105 2658 talis
2141 2610 2208 2658 est
2242 2619 2408 2660 nature
2445 2612 2572 2676 quod

642 2708 797 2757 neque
830 2691 945 2739 citra
979 2706 1134 2755 neque
1159 2688 1280 2736 ultra
1312 2688 1427 2736 solet
1459 2687 1617 2736 cibum
1652 2696 1734 2736 aut
1769 2695 1934 2753 potum
1968 2690 2226 2753 percipere,
2250 2690 2331 2738 sed
2366 2690 2573 2739 medium

642 2773 760 2819 inter
784 2770 878 2818 duo
903 2771 1083 2833 semper
1106 2775 1254 2823 tenet,
1274 2766 1447 2815 scilicet
1472 2766 1591 2815 inter
1614 2783 1842 2832 magnum
1861 2774 1908 2815 et
1931 2767 2185 2816 modicum.
2244 2769 2407 2817 Simon
2432 2769 2573 2834 igitur

644 2851 753 2915 quia
773 2850 894 2897 ultra
916 2848 1180 2896 mensuram
1198 2846 1329 2894 solite
1353 2846 1637 2911 frugalitatis
1655 2862 1750 2894 non
1769 2845 1926 2894 cibum
1948 2862 2044 2894 non
2067 2854 2232 2911 potum
2250 2847 2452 2912 sumpsit,
2475 2864 2571 2896 me-

642 2930 729 2976 rito
766 2928 909 2976 habet
949 2927 1040 2975 dici
1081 2925 1292 2992 frugalis,
1333 2924 1462 2990 quod
1497 2925 1679 2973 elicitur
1714 2925 1774 2973 de
1810 2925 1953 2974 modo
1994 2925 2098 2991 ejus
2132 2927 2356 2991 quoniam
2391 2927 2570 2991 semper

644 3008 833 3056 surrexit
857 3023 950 3055 uno
974 3005 1131 3061 modo,
1151 3022 1209 3053 ex
1233 3021 1328 3070 quo
1347 3004 1540 3069 arripuit
1563 3004 1756 3052 modum
1774 3004 2016 3070 vigilandi,
2035 3012 2087 3053 ut
2111 3005 2292 3054 dictum
2316 3005 2406 3061 est;
2433 3004 2567 3069 siqui·

646 3086 752 3134 dem
788 3102 881 3133 non
906 3085 966 3133 fic
990 3087 1283 3133 surrexerunt
1315 3083 1393 3132 alii
1417 3084 1498 3148 qui
1522 3084 1677 3132 secum
1710 3083 2022 3139 dormiebant,
2046 3091 2195 3132 totam
2228 3081 2568 3148 propemodum

645 3164 834 3211 norstem
858 3164 1156 3219 dormientes,
1180 3163 1260 3211 sed
1283 3162 1451 3228 digesti
1475 3162 1768 3210 snrrexerunt
1792 3162 1972 3227 impleti
1995 3162 2254 3227 repletione
2277 3160 2567 3209 dormitionis

646 3242 753 3290 satis
778 3241 980 3296 abunde,
1004 3242 1155 3306 qualis
1178 3241 1375 3305 repletio
1397 3240 1540 3289 modo
1569 3241 1772 3290 Simonis
1795 3256 1890 3289 non
1913 3240 2064 3290 defuit
2091 3239 2286 3289 Simoni.
2347 3237 2567 3303 Repletio

2647 804 2707 840 sol.
2726 807 2785 840 69.
