<?xml version="1.0" encoding="UTF-8"?>
<!DOCTYPE html PUBLIC "-//W3C//DTD XHTML 1.0 Transitional//EN"
    "http://www.w3.org/TR/xhtml1/DTD/xhtml1-transitional.dtd">
<html xmlns="http://www.w3.org/1999/xhtml" xml:lang="en" lang="en">
 <head>
  <title>
</title>
<meta http-equiv="Content-Type" content="text/html;charset=utf-8" />
  <meta name='ocr-system' content='tesseract 3.04.00' />
  <meta name='ocr-capabilities' content='ocr_page ocr_carea ocr_par ocr_line ocrx_word'/>
</head>
<body>
  <div class='ocr_page' id='page_1' title='image "./chronicdemailros00melruoft_0201.png"; bbox 0 0 2904 3886; ppageno 0'>
   <div class='ocr_carea' id='block_1_1' title="bbox 19 3284 46 3503">
    <p class='ocr_par' dir='ltr' id='par_1_1' title="bbox 19 3284 46 3503">
     <span class='ocr_line' id='line_1_1' title="bbox 19 3316 33 3503; textangle 90"><span class='ocrx_word' id='word_1_1' title='bbox 19 3470 25 3503; x_wconf 55' lang='grc' dir='ltr'>«ι</span> <span class='ocrx_word' id='word_1_2' title='bbox 19 3387 33 3438; x_wconf 65' lang='lat' dir='ltr'>‹a;</span> <span class='ocrx_word' id='word_1_3' title='bbox 21 3316 26 3322; x_wconf 67' lang='lat'>⁵</span> 
     </span>
     <span class='ocr_line' id='line_1_2' title="bbox 35 3284 46 3499; textangle 90"><span class='ocrx_word' id='word_1_4' title='bbox 35 3431 46 3499; x_wconf 28' lang='lat' dir='ltr'>cde</span> <span class='ocrx_word' id='word_1_5' title='bbox 35 3351 42 3405; x_wconf 30' lang='grc' dir='ltr'>.Ᾰ.Ᾰ,</span> <span class='ocrx_word' id='word_1_6' title='bbox 36 3284 40 3290; x_wconf 71' lang='lat'><em>.</em></span> 
     </span>
    </p>
   </div>
   <div class='ocr_carea' id='block_1_2' title="bbox 20 3503 62 3886">
    <p class='ocr_par' dir='ltr' id='par_1_2' title="bbox 20 3503 62 3886">
     <span class='ocr_line' id='line_1_3' title="bbox 20 3503 62 3886; textangle 90"><span class='ocrx_word' id='word_1_7' title='bbox 20 3730 61 3886; x_wconf 34' lang='grc' dir='ltr'>,κθ-,ᾖς</span> <span class='ocrx_word' id='word_1_8' title='bbox 20 3579 56 3682; x_wconf 47' lang='lat'>&lt;³422</span> <span class='ocrx_word' id='word_1_9' title='bbox 28 3564 47 3571; x_wconf 70' lang='grc' dir='ltr'><strong>ι</strong></span> <span class='ocrx_word' id='word_1_10' title='bbox 20 3531 45 3557; x_wconf 55' lang='grc' dir='ltr'><em>ἐ</em></span> <span class='ocrx_word' id='word_1_11' title='bbox 26 3503 62 3518; x_wconf 75' lang='lat'>².</span> 
     </span>
    </p>
   </div>
   <div class='ocr_carea' id='block_1_3' title="bbox 151 1937 342 1979">
    <p class='ocr_par' dir='ltr' id='par_1_3' title="bbox 151 1937 342 1979">
     <span class='ocr_line' id='line_1_4' title="bbox 151 1937 342 1979; baseline 0.005 -8"><span class='ocrx_word' id='word_1_12' title='bbox 151 1937 211 1972; x_wconf 90' lang='lat' dir='ltr'>fol.</span> <span class='ocrx_word' id='word_1_13' title='bbox 231 1940 288 1979; x_wconf 81' lang='lat'>48,</span> <span class='ocrx_word' id='word_1_14' title='bbox 309 1939 342 1972; x_wconf 91' lang='lat' dir='ltr'>b.</span> 
     </span>
    </p>
   </div>
   <div class='ocr_carea' id='block_1_4' title="bbox 397 515 2334 567">
    <p class='ocr_par' dir='ltr' id='par_1_4' title="bbox 397 515 2334 567">
     <span class='ocr_line' id='line_1_5' title="bbox 397 515 2334 567; baseline -0.002 0"><span class='ocrx_word' id='word_1_15' title='bbox 397 517 529 567; x_wconf 89' lang='lat' dir='ltr'>A.D.</span> <span class='ocrx_word' id='word_1_16' title='bbox 572 521 713 566; x_wconf 80' lang='lat'>1244.</span> <span class='ocrx_word' id='word_1_17' title='bbox 876 516 1301 567; x_wconf 89' lang='lat' dir='ltr'>CHRONICA</span> <span class='ocrx_word' id='word_1_18' title='bbox 1344 516 1445 566; x_wconf 90' lang='lat' dir='ltr'>DE</span> <span class='ocrx_word' id='word_1_19' title='bbox 1496 515 1881 566; x_wconf 89' lang='lat' dir='ltr'><strong>MAILROS.</strong></span> <span class='ocrx_word' id='word_1_20' title='bbox 2245 517 2334 566; x_wconf 88' lang='lat'>163</span> 
     </span>
    </p>
   </div>
   <div class='ocr_carea' id='block_1_5' title="bbox 516 693 2199 705">
    <p class='ocr_par' dir='ltr' id='par_1_5' title="bbox 516 693 2199 705">
     <span class='ocr_line' id='line_1_6' title="bbox 516 693 2199 705; baseline 0 -2"><span class='ocrx_word' id='word_1_21' title='bbox 516 693 2199 705; x_wconf 72' lang='lat'><strong>·····················</strong></span> 
     </span>
    </p>
   </div>
   <div class='ocr_carea' id='block_1_6' title="bbox 387 814 2334 1834">
    <p class='ocr_par' dir='ltr' id='par_1_6' title="bbox 387 814 2334 1834">
     <span class='ocr_line' id='line_1_7' title="bbox 459 814 2330 882; baseline -0.001 -18"><span class='ocrx_word' id='word_1_22' title='bbox 459 825 488 844; x_wconf 73' lang='lat'>‘⁶</span> <span class='ocrx_word' id='word_1_23' title='bbox 510 816 659 864; x_wconf 82' lang='lat' dir='ltr'>V1R1s</span> <span class='ocrx_word' id='word_1_24' title='bbox 679 815 904 882; x_wconf 75' lang='lat' dir='ltr'>religiosis</span> <span class='ocrx_word' id='word_1_25' title='bbox 922 817 970 863; x_wconf 92' lang='lat' dir='ltr'>in</span> <span class='ocrx_word' id='word_1_26' title='bbox 990 815 1176 864; x_wconf 90' lang='lat' dir='ltr'>Christo</span> <span class='ocrx_word' id='word_1_27' title='bbox 1201 815 1229 864; x_wconf 84' lang='lat' dir='ltr'><strong>J</strong></span> <span class='ocrx_word' id='word_1_28' title='bbox 1233 833 1277 863; x_wconf 94' lang='lat' dir='ltr'>o.</span> <span class='ocrx_word' id='word_1_29' title='bbox 1304 824 1352 864; x_wconf 91' lang='lat' dir='ltr'>et</span> <span class='ocrx_word' id='word_1_30' title='bbox 1379 815 1573 864; x_wconf 91' lang='lat' dir='ltr'>Andree</span> <span class='ocrx_word' id='word_1_31' title='bbox 1591 815 1713 864; x_wconf 89' lang='lat' dir='ltr'>ultra</span> <span class='ocrx_word' id='word_1_32' title='bbox 1731 832 1862 864; x_wconf 89' lang='lat' dir='ltr'>mare</span> <span class='ocrx_word' id='word_1_33' title='bbox 1889 814 1952 864; x_wconf 91' lang='lat' dir='ltr'>D.</span> <span class='ocrx_word' id='word_1_34' title='bbox 1973 815 2161 864; x_wconf 89' lang='lat' dir='ltr'>humilis</span> <span class='ocrx_word' id='word_1_35' title='bbox 2185 815 2330 864; x_wconf 87' lang='lat' dir='ltr'>arch’.</span> 
     </span>
     <span class='ocr_line' id='line_1_8' title="bbox 397 894 2333 951; baseline -0.001 -8"><span class='ocrx_word' id='word_1_36' title='bbox 397 895 555 943; x_wconf 71' lang='lat' dir='ltr'>Cirefi.</span> <span class='ocrx_word' id='word_1_37' title='bbox 598 902 689 944; x_wconf 87' lang='lat' dir='ltr'>etc.</span> <span class='ocrx_word' id='word_1_38' title='bbox 768 895 846 944; x_wconf 93' lang='lat' dir='ltr'>De</span> <span class='ocrx_word' id='word_1_39' title='bbox 886 895 1135 951; x_wconf 86' lang='lat' dir='ltr'>flebilibus,</span> <span class='ocrx_word' id='word_1_40' title='bbox 1176 894 1533 950; x_wconf 84' lang='lat' dir='ltr'>miserabilibus,</span> <span class='ocrx_word' id='word_1_41' title='bbox 1579 894 1877 950; x_wconf 87' lang='lat' dir='ltr'>terribilibus,</span> <span class='ocrx_word' id='word_1_42' title='bbox 1924 894 2238 950; x_wconf 86' lang='lat' dir='ltr'>horribilibus,</span> <span class='ocrx_word' id='word_1_43' title='bbox 2285 902 2333 942; x_wconf 88' lang='lat' dir='ltr'>et</span> 
     </span>
     <span class='ocr_line' id='line_1_9' title="bbox 391 973 2330 1040; baseline -0.001 -18"><span class='ocrx_word' id='word_1_44' title='bbox 391 974 656 1040; x_wconf 90' lang='lat' dir='ltr'>dampnofis</span> <span class='ocrx_word' id='word_1_45' title='bbox 681 975 943 1024; x_wconf 91' lang='lat' dir='ltr'>rumoribus</span> <span class='ocrx_word' id='word_1_46' title='bbox 961 975 1083 1022; x_wconf 89' lang='lat' dir='ltr'>ultra</span> <span class='ocrx_word' id='word_1_47' title='bbox 1105 974 1313 1029; x_wconf 90' lang='lat' dir='ltr'>marinis,</span> <span class='ocrx_word' id='word_1_48' title='bbox 1333 973 1582 1023; x_wconf 86' lang='lat' dir='ltr'>recurratis</span> <span class='ocrx_word' id='word_1_49' title='bbox 1600 973 1661 1022; x_wconf 91' lang='lat' dir='ltr'>ad</span> <span class='ocrx_word' id='word_1_50' title='bbox 1680 974 1882 1038; x_wconf 90' lang='lat' dir='ltr'>priorem</span> <span class='ocrx_word' id='word_1_51' title='bbox 1904 974 2163 1039; x_wconf 84' lang='lat' dir='ltr'>Hospitalis</span> <span class='ocrx_word' id='word_1_52' title='bbox 2181 975 2330 1023; x_wconf 71' lang='lat' dir='ltr'>sancti</span> 
     </span>
     <span class='ocr_line' id='line_1_10' title="bbox 389 1052 2332 1118; baseline -0.001 -16"><span class='ocrx_word' id='word_1_53' title='bbox 389 1054 419 1102; x_wconf 88' lang='lat' dir='ltr'>J</span> <span class='ocrx_word' id='word_1_54' title='bbox 422 1054 637 1109; x_wconf 90' lang='lat' dir='ltr'>ohannis,</span> <span class='ocrx_word' id='word_1_55' title='bbox 657 1054 738 1118; x_wconf 89' lang='lat' dir='ltr'>qui</span> <span class='ocrx_word' id='word_1_56' title='bbox 756 1060 913 1118; x_wconf 91' lang='lat' dir='ltr'>portat</span> <span class='ocrx_word' id='word_1_57' title='bbox 931 1054 1032 1118; x_wconf 87' lang='lat' dir='ltr'>regi</span> <span class='ocrx_word' id='word_1_58' title='bbox 1053 1052 1433 1101; x_wconf 87' lang='lat' dir='ltr'>Christianiffimo</span> <span class='ocrx_word' id='word_1_59' title='bbox 1452 1052 1742 1100; x_wconf 86' lang='lat' dir='ltr'>Francorum</span> <span class='ocrx_word' id='word_1_60' title='bbox 1759 1053 1938 1102; x_wconf 83' lang='lat' dir='ltr'>litteras</span> <span class='ocrx_word' id='word_1_61' title='bbox 1955 1070 2051 1101; x_wconf 91' lang='lat' dir='ltr'>non</span> <span class='ocrx_word' id='word_1_62' title='bbox 2070 1062 2332 1103; x_wconf 87' lang='lat' dir='ltr'>atramento</span> 
     </span>
     <span class='ocr_line' id='line_1_11' title="bbox 390 1131 2332 1198; baseline 0 -17"><span class='ocrx_word' id='word_1_63' title='bbox 390 1134 468 1182; x_wconf 91' lang='lat' dir='ltr'>sed</span> <span class='ocrx_word' id='word_1_64' title='bbox 493 1133 721 1198; x_wconf 85' lang='lat' dir='ltr'>sanguine</span> <span class='ocrx_word' id='word_1_65' title='bbox 746 1133 954 1197; x_wconf 88' lang='lat' dir='ltr'>scriptas,</span> <span class='ocrx_word' id='word_1_66' title='bbox 979 1140 1031 1180; x_wconf 92' lang='lat' dir='ltr'>ut</span> <span class='ocrx_word' id='word_1_67' title='bbox 1054 1133 1218 1187; x_wconf 89' lang='lat' dir='ltr'>fertur,</span> <span class='ocrx_word' id='word_1_68' title='bbox 1246 1147 1341 1179; x_wconf 93' lang='lat' dir='ltr'>non</span> <span class='ocrx_word' id='word_1_69' title='bbox 1367 1132 1492 1179; x_wconf 90' lang='lat' dir='ltr'>enim</span> <span class='ocrx_word' id='word_1_70' title='bbox 1515 1131 1610 1179; x_wconf 89' lang='lat' dir='ltr'>vidi</span> <span class='ocrx_word' id='word_1_71' title='bbox 1639 1132 1760 1195; x_wconf 91' lang='lat' dir='ltr'>ipsas</span> <span class='ocrx_word' id='word_1_72' title='bbox 1784 1131 1864 1180; x_wconf 91' lang='lat' dir='ltr'>sed</span> <span class='ocrx_word' id='word_1_73' title='bbox 1889 1149 1971 1181; x_wconf 92' lang='lat' dir='ltr'>eos</span> <span class='ocrx_word' id='word_1_74' title='bbox 1995 1134 2075 1197; x_wconf 94' lang='lat' dir='ltr'>qui</span> <span class='ocrx_word' id='word_1_75' title='bbox 2101 1150 2182 1181; x_wconf 87' lang='lat' dir='ltr'>eas</span> <span class='ocrx_word' id='word_1_76' title='bbox 2205 1133 2332 1181; x_wconf 89' lang='lat' dir='ltr'>vide-</span> 
     </span>
     <span class='ocr_line' id='line_1_12' title="bbox 389 1210 2331 1277; baseline 0.001 -17"><span class='ocrx_word' id='word_1_77' title='bbox 389 1221 511 1268; x_wconf 90' lang='lat' dir='ltr'>runt,</span> <span class='ocrx_word' id='word_1_78' title='bbox 531 1213 742 1261; x_wconf 87' lang='lat' dir='ltr'>dicentes</span> <span class='ocrx_word' id='word_1_79' title='bbox 765 1212 913 1260; x_wconf 92' lang='lat' dir='ltr'>rubeo</span> <span class='ocrx_word' id='word_1_80' title='bbox 933 1212 1233 1276; x_wconf 86' lang='lat' dir='ltr'>conscriptas.</span> <span class='ocrx_word' id='word_1_81' title='bbox 1297 1210 1351 1258; x_wconf 91' lang='lat' dir='ltr'>In</span> <span class='ocrx_word' id='word_1_82' title='bbox 1376 1211 1555 1259; x_wconf 90' lang='lat' dir='ltr'>summa</span> <span class='ocrx_word' id='word_1_83' title='bbox 1575 1211 1744 1259; x_wconf 88' lang='lat' dir='ltr'>dicitur</span> <span class='ocrx_word' id='word_1_84' title='bbox 1769 1211 1897 1275; x_wconf 93' lang='lat' dir='ltr'>quod</span> <span class='ocrx_word' id='word_1_85' title='bbox 1921 1212 2142 1277; x_wconf 84' lang='lat' dir='ltr'>magister</span> <span class='ocrx_word' id='word_1_86' title='bbox 2164 1212 2331 1277; x_wconf 91' lang='lat' dir='ltr'>Hospi—</span> 
     </span>
     <span class='ocr_line' id='line_1_13' title="bbox 387 1290 2331 1355; baseline -0.001 -15"><span class='ocrx_word' id='word_1_87' title='bbox 387 1292 493 1340; x_wconf 89' lang='lat' dir='ltr'>talis</span> <span class='ocrx_word' id='word_1_88' title='bbox 511 1300 558 1340; x_wconf 84' lang='lat' dir='ltr'>et</span> <span class='ocrx_word' id='word_1_89' title='bbox 582 1300 708 1340; x_wconf 89' lang='lat' dir='ltr'>totus</span> <span class='ocrx_word' id='word_1_90' title='bbox 728 1299 986 1340; x_wconf 89' lang='lat' dir='ltr'>conventus</span> <span class='ocrx_word' id='word_1_91' title='bbox 1009 1298 1165 1355; x_wconf 89' lang='lat' dir='ltr'>preter</span> <span class='ocrx_word' id='word_1_92' title='bbox 1183 1307 1257 1347; x_wconf 85' lang='lat' dir='ltr'>xv,</span> <span class='ocrx_word' id='word_1_93' title='bbox 1276 1297 1404 1339; x_wconf 86' lang='lat' dir='ltr'>totus</span> <span class='ocrx_word' id='word_1_94' title='bbox 1422 1298 1682 1338; x_wconf 90' lang='lat' dir='ltr'>conventus</span> <span class='ocrx_word' id='word_1_95' title='bbox 1701 1290 1907 1355; x_wconf 90' lang='lat' dir='ltr'>Templi,</span> <span class='ocrx_word' id='word_1_96' title='bbox 1927 1299 2055 1340; x_wconf 81' lang='lat' dir='ltr'>totus</span> <span class='ocrx_word' id='word_1_97' title='bbox 2074 1300 2331 1340; x_wconf 89' lang='lat' dir='ltr'>conventus</span> 
     </span>
     <span class='ocr_line' id='line_1_14' title="bbox 390 1370 2334 1436; baseline -0.001 -16"><span class='ocrx_word' id='word_1_98' title='bbox 390 1372 649 1436; x_wconf 84' lang='lat' dir='ltr'>Hospitalis</span> <span class='ocrx_word' id='word_1_99' title='bbox 668 1372 829 1419; x_wconf 55' lang='lat' dir='ltr'>sancite</span> <span class='ocrx_word' id='word_1_100' title='bbox 850 1371 1005 1419; x_wconf 84' lang='lat' dir='ltr'>Marie</span> <span class='ocrx_word' id='word_1_101' title='bbox 1026 1370 1414 1425; x_wconf 87' lang='lat' dir='ltr'>Teutonicorum‚</span> <span class='ocrx_word' id='word_1_102' title='bbox 1431 1370 1679 1435; x_wconf 87' lang='lat' dir='ltr'>perpaucis</span> <span class='ocrx_word' id='word_1_103' title='bbox 1699 1370 2024 1426; x_wconf 88' lang='lat' dir='ltr'>evadentibus,</span> <span class='ocrx_word' id='word_1_104' title='bbox 2041 1379 2142 1419; x_wconf 88' lang='lat' dir='ltr'>tota</span> <span class='ocrx_word' id='word_1_105' title='bbox 2161 1371 2334 1420; x_wconf 85' lang='lat' dir='ltr'>milicia</span> 
     </span>
     <span class='ocr_line' id='line_1_15' title="bbox 390 1450 2333 1516; baseline 0 -17"><span class='ocrx_word' id='word_1_106' title='bbox 390 1452 709 1507; x_wconf 85' lang='lat' dir='ltr'>ultramarina,</span> <span class='ocrx_word' id='word_1_107' title='bbox 734 1468 938 1516; x_wconf 86' lang='lat' dir='ltr'>magnus</span> <span class='ocrx_word' id='word_1_108' title='bbox 962 1450 1164 1515; x_wconf 87' lang='lat' dir='ltr'>populus</span> <span class='ocrx_word' id='word_1_109' title='bbox 1186 1450 1558 1498; x_wconf 87' lang='lat' dir='ltr'>Christianorum</span> <span class='ocrx_word' id='word_1_110' title='bbox 1583 1457 1869 1498; x_wconf 88' lang='lat' dir='ltr'>armatorum</span> <span class='ocrx_word' id='word_1_111' title='bbox 1895 1458 1942 1498; x_wconf 88' lang='lat' dir='ltr'>et</span> <span class='ocrx_word' id='word_1_112' title='bbox 1967 1468 2075 1499; x_wconf 91' lang='lat' dir='ltr'>cum</span> <span class='ocrx_word' id='word_1_113' title='bbox 2099 1451 2188 1499; x_wconf 91' lang='lat' dir='ltr'>illis</span> <span class='ocrx_word' id='word_1_114' title='bbox 2212 1450 2264 1499; x_wconf 95' lang='lat' dir='ltr'>N</span> <span class='ocrx_word' id='word_1_115' title='bbox 2267 1452 2333 1499; x_wconf 86' lang='lat' dir='ltr'>as-</span> 
     </span>
     <span class='ocr_line' id='line_1_16' title="bbox 390 1529 2333 1595; baseline -0.001 -16"><span class='ocrx_word' id='word_1_116' title='bbox 390 1532 520 1579; x_wconf 90' lang='lat' dir='ltr'>sarus</span> <span class='ocrx_word' id='word_1_117' title='bbox 555 1531 774 1579; x_wconf 88' lang='lat' dir='ltr'>soldanus</span> <span class='ocrx_word' id='word_1_118' title='bbox 802 1531 963 1585; x_wconf 90' lang='lat' dir='ltr'>Turci,</span> <span class='ocrx_word' id='word_1_119' title='bbox 997 1538 1045 1578; x_wconf 91' lang='lat' dir='ltr'>et</span> <span class='ocrx_word' id='word_1_120' title='bbox 1079 1529 1274 1594; x_wconf 91' lang='lat' dir='ltr'>quidam</span> <span class='ocrx_word' id='word_1_121' title='bbox 1310 1530 1428 1578; x_wconf 89' lang='lat' dir='ltr'>alius</span> <span class='ocrx_word' id='word_1_122' title='bbox 1463 1530 1685 1578; x_wconf 90' lang='lat' dir='ltr'>soldanus</span> <span class='ocrx_word' id='word_1_123' title='bbox 1717 1538 1884 1595; x_wconf 89' lang='lat' dir='ltr'>captus</span> <span class='ocrx_word' id='word_1_124' title='bbox 1918 1547 1946 1578; x_wconf 81' lang='lat' dir='ltr'>a</span> <span class='ocrx_word' id='word_1_125' title='bbox 1969 1530 2255 1579; x_wconf 89' lang='lat' dir='ltr'>Corosminis</span> <span class='ocrx_word' id='word_1_126' title='bbox 2286 1539 2333 1578; x_wconf 88' lang='lat' dir='ltr'>et</span> 
     </span>
     <span class='ocr_line' id='line_1_17' title="bbox 390 1609 2332 1677; baseline 0 -19"><span class='ocrx_word' id='word_1_127' title='bbox 390 1610 660 1658; x_wconf 91' lang='lat' dir='ltr'>hominibus</span> <span class='ocrx_word' id='word_1_128' title='bbox 685 1610 863 1659; x_wconf 90' lang='lat' dir='ltr'>soldani</span> <span class='ocrx_word' id='word_1_129' title='bbox 891 1609 1170 1674; x_wconf 88' lang='lat' dir='ltr'>Babylonie,</span> <span class='ocrx_word' id='word_1_130' title='bbox 1195 1609 1434 1657; x_wconf 60' lang='lat' dir='ltr'>interfefi&#39;ci</span> <span class='ocrx_word' id='word_1_131' title='bbox 1458 1610 1562 1657; x_wconf 88' lang='lat' dir='ltr'>sunt</span> <span class='ocrx_word' id='word_1_132' title='bbox 1587 1610 1717 1673; x_wconf 82' lang='lat' dir='ltr'>xvij0.</span> <span class='ocrx_word' id='word_1_133' title='bbox 1744 1609 1821 1657; x_wconf 88' lang='lat' dir='ltr'>die</span> <span class='ocrx_word' id='word_1_134' title='bbox 1850 1609 2089 1677; x_wconf 67' lang='lat' dir='ltr'>Octobris.</span> <span class='ocrx_word' id='word_1_135' title='bbox 2146 1610 2332 1658; x_wconf 92' lang='lat' dir='ltr'>Dicitur</span> 
     </span>
     <span class='ocr_line' id='line_1_18' title="bbox 391 1688 2331 1755; baseline 0 -18"><span class='ocrx_word' id='word_1_136' title='bbox 391 1698 551 1738; x_wconf 90' lang='lat' dir='ltr'>tamen</span> <span class='ocrx_word' id='word_1_137' title='bbox 576 1691 705 1755; x_wconf 88' lang='lat' dir='ltr'>quod</span> <span class='ocrx_word' id='word_1_138' title='bbox 730 1706 888 1738; x_wconf 92' lang='lat' dir='ltr'>comes</span> <span class='ocrx_word' id='word_1_139' title='bbox 916 1689 1185 1737; x_wconf 87' lang='lat' dir='ltr'>Willelmus</span> <span class='ocrx_word' id='word_1_140' title='bbox 1215 1695 1264 1737; x_wconf 87' lang='lat' dir='ltr'>et</span> <span class='ocrx_word' id='word_1_141' title='bbox 1289 1688 1522 1753; x_wconf 91' lang='lat' dir='ltr'>dompnus</span> <span class='ocrx_word' id='word_1_142' title='bbox 1550 1689 1794 1753; x_wconf 90' lang='lat' dir='ltr'>Philippus</span> <span class='ocrx_word' id='word_1_143' title='bbox 1819 1690 1942 1753; x_wconf 89' lang='lat' dir='ltr'>capti</span> <span class='ocrx_word' id='word_1_144' title='bbox 1977 1690 2095 1737; x_wconf 87' lang='lat' dir='ltr'>sunt.</span> <span class='ocrx_word' id='word_1_145' title='bbox 2169 1690 2331 1737; x_wconf 91' lang='lat' dir='ltr'>Domi-</span> 
     </span>
     <span class='ocr_line' id='line_1_19' title="bbox 393 1768 2329 1834; baseline 0.001 -18"><span class='ocrx_word' id='word_1_146' title='bbox 393 1787 478 1818; x_wconf 89' lang='lat' dir='ltr'>nus</span> <span class='ocrx_word' id='word_1_147' title='bbox 502 1769 784 1834; x_wconf 83' lang='lat' dir='ltr'>patriarcha,</span> <span class='ocrx_word' id='word_1_148' title='bbox 805 1777 852 1817; x_wconf 87' lang='lat' dir='ltr'>et</span> <span class='ocrx_word' id='word_1_149' title='bbox 877 1769 1246 1817; x_wconf 88' lang='lat' dir='ltr'>constabularius</span> <span class='ocrx_word' id='word_1_150' title='bbox 1271 1769 1535 1816; x_wconf 89' lang='lat' dir='ltr'>evaserunt.</span> <span class='ocrx_word' id='word_1_151' title='bbox 1587 1768 1716 1816; x_wconf 91' lang='lat' dir='ltr'>Ecce</span> <span class='ocrx_word' id='word_1_152' title='bbox 1740 1769 1899 1817; x_wconf 70' lang='lat' dir='ltr'>luctus</span> <span class='ocrx_word' id='word_1_153' title='bbox 1924 1776 1971 1816; x_wconf 91' lang='lat' dir='ltr'>et</span> <span class='ocrx_word' id='word_1_154' title='bbox 1995 1769 2329 1817; x_wconf 83' lang='lat' dir='ltr'>lamentatio!”</span> 
     </span>
    </p>
   </div>
   <div class='ocr_carea' id='block_1_7' title="bbox 387 1926 2333 3102">
    <p class='ocr_par' dir='ltr' id='par_1_7' title="bbox 387 1926 2333 2231">
     <span class='ocr_line' id='line_1_20' title="bbox 457 1926 2331 1992; baseline -0.001 -16"><span class='ocrx_word' id='word_1_155' title='bbox 457 1928 609 1976; x_wconf 84' lang='grc' dir='ltr'><strong>ΑΝΝο</strong></span> <span class='ocrx_word' id='word_1_156' title='bbox 635 1929 859 1976; x_wconf 86' lang='lat' dir='ltr'>M.cc.xlv.</span> <span class='ocrx_word' id='word_1_157' title='bbox 887 1928 1004 1976; x_wconf 87' lang='lat' dir='ltr'>obiit</span> <span class='ocrx_word' id='word_1_158' title='bbox 1028 1928 1262 1992; x_wconf 90' lang='lat' dir='ltr'>dompnus</span> <span class='ocrx_word' id='word_1_159' title='bbox 1285 1926 1433 1991; x_wconf 85' lang='lat' dir='ltr'>Hugo</span> <span class='ocrx_word' id='word_1_160' title='bbox 1453 1927 1603 1975; x_wconf 87' lang='lat' dir='ltr'>abbas</span> <span class='ocrx_word' id='word_1_161' title='bbox 1628 1927 1688 1974; x_wconf 93' lang='lat' dir='ltr'>de</span> <span class='ocrx_word' id='word_1_162' title='bbox 1713 1928 1877 1975; x_wconf 63' lang='lat' dir='ltr'>sans&#39;co</span> <span class='ocrx_word' id='word_1_163' title='bbox 1903 1927 2132 1982; x_wconf 87' lang='lat' dir='ltr'>Seruano,</span> <span class='ocrx_word' id='word_1_164' title='bbox 2159 1929 2224 1975; x_wconf 88' lang='lat' dir='ltr'>vir</span> <span class='ocrx_word' id='word_1_165' title='bbox 2249 1945 2331 1992; x_wconf 89' lang='lat' dir='ltr'>per</span> 
     </span>
     <span class='ocr_line' id='line_1_21' title="bbox 387 2007 2331 2071; baseline 0 -16"><span class='ocrx_word' id='word_1_166' title='bbox 387 2008 546 2055; x_wconf 90' lang='lat' dir='ltr'>omnia</span> <span class='ocrx_word' id='word_1_167' title='bbox 569 2008 663 2055; x_wconf 87' lang='lat' dir='ltr'>vite</span> <span class='ocrx_word' id='word_1_168' title='bbox 695 2007 946 2056; x_wconf 87' lang='lat' dir='ltr'>laudabilis</span> <span class='ocrx_word' id='word_1_169' title='bbox 970 2015 1018 2055; x_wconf 90' lang='lat' dir='ltr'>et</span> <span class='ocrx_word' id='word_1_170' title='bbox 1042 2008 1170 2055; x_wconf 91' lang='lat' dir='ltr'>sacre</span> <span class='ocrx_word' id='word_1_171' title='bbox 1195 2007 1374 2054; x_wconf 87' lang='lat' dir='ltr'>zelator</span> <span class='ocrx_word' id='word_1_172' title='bbox 1405 2007 1668 2071; x_wconf 81' lang='lat' dir='ltr'>religionis3</span> <span class='ocrx_word' id='word_1_173' title='bbox 1705 2007 1780 2054; x_wconf 90' lang='lat' dir='ltr'>cui</span> <span class='ocrx_word' id='word_1_174' title='bbox 1805 2007 2012 2055; x_wconf 88' lang='lat' dir='ltr'>succeffit</span> <span class='ocrx_word' id='word_1_175' title='bbox 2042 2007 2088 2054; x_wconf 91' lang='lat' dir='ltr'>in</span> <span class='ocrx_word' id='word_1_176' title='bbox 2113 2008 2331 2071; x_wconf 90' lang='lat' dir='ltr'>pastorali</span> 
     </span>
     <span class='ocr_line' id='line_1_22' title="bbox 389 2086 2333 2152; baseline -0.001 -17"><span class='ocrx_word' id='word_1_177' title='bbox 389 2088 618 2152; x_wconf 86' lang='lat' dir='ltr'>regimine</span> <span class='ocrx_word' id='word_1_178' title='bbox 649 2087 912 2135; x_wconf 88' lang='lat' dir='ltr'>monachus</span> <span class='ocrx_word' id='word_1_179' title='bbox 947 2087 1116 2134; x_wconf 91' lang='lat' dir='ltr'>domus</span> <span class='ocrx_word' id='word_1_180' title='bbox 1151 2086 1376 2151; x_wconf 90' lang='lat' dir='ltr'>ejusdem,</span> <span class='ocrx_word' id='word_1_181' title='bbox 1417 2086 1644 2134; x_wconf 87' lang='lat' dir='ltr'>Matheus</span> <span class='ocrx_word' id='word_1_182' title='bbox 1680 2086 1886 2141; x_wconf 92' lang='lat' dir='ltr'>nomine,</span> <span class='ocrx_word' id='word_1_183' title='bbox 1922 2104 1965 2134; x_wconf 90' lang='lat' dir='ltr'>v.</span> <span class='ocrx_word' id='word_1_184' title='bbox 2003 2087 2107 2135; x_wconf 92' lang='lat' dir='ltr'>idus</span> <span class='ocrx_word' id='word_1_185' title='bbox 2141 2087 2333 2134; x_wconf 83' lang='lat' dir='ltr'>Martiid</span> 
     </span>
     <span class='ocr_line' id='line_1_23' title="bbox 393 2166 673 2231; baseline 0 -17"><span class='ocrx_word' id='word_1_186' title='bbox 393 2166 540 2230; x_wconf 86' lang='lat' dir='ltr'>[Mar.</span> <span class='ocrx_word' id='word_1_187' title='bbox 573 2166 673 2231; x_wconf 92' lang='lat'>11].</span> 
     </span>
    </p>

    <p class='ocr_par' dir='ltr' id='par_1_8' title="bbox 388 2237 2330 2390">
     <span class='ocr_line' id='line_1_24' title="bbox 455 2237 2330 2310; baseline -0.001 -16"><span class='ocrx_word' id='word_1_188' title='bbox 455 2246 597 2294; x_wconf 90' lang='lat' dir='ltr'>Anno</span> <span class='ocrx_word' id='word_1_189' title='bbox 630 2246 800 2294; x_wconf 91' lang='lat' dir='ltr'>eodem</span> <span class='ocrx_word' id='word_1_190' title='bbox 832 2247 1019 2294; x_wconf 86' lang='lat' dir='ltr'>intravit</span> <span class='ocrx_word' id='word_1_191' title='bbox 1057 2245 1368 2294; x_wconf 90' lang='lat' dir='ltr'>Innocencius</span> <span class='ocrx_word' id='word_1_192' title='bbox 1399 2262 1525 2310; x_wconf 84' lang='lat' dir='ltr'>papa</span> <span class='ocrx_word' id='word_1_193' title='bbox 1557 2237 1639 2310; x_wconf 91' lang='lat' dir='ltr'>iiij.</span> <span class='ocrx_word' id='word_1_194' title='bbox 1673 2252 1846 2293; x_wconf 86' lang='lat' dir='ltr'>terram</span> <span class='ocrx_word' id='word_1_195' title='bbox 1878 2246 2002 2310; x_wconf 84' lang='lat' dir='ltr'>regis</span> <span class='ocrx_word' id='word_1_196' title='bbox 2037 2245 2251 2300; x_wconf 68' lang='lat' dir='ltr'>Fwncie,</span> <span class='ocrx_word' id='word_1_197' title='bbox 2284 2247 2330 2292; x_wconf 90' lang='lat' dir='ltr'>in</span> 
     </span>
     <span class='ocr_line' id='line_1_25' title="bbox 388 2324 1094 2390; baseline 0 -17"><span class='ocrx_word' id='word_1_198' title='bbox 388 2326 595 2374; x_wconf 87' lang='lat' dir='ltr'>adventu</span> <span class='ocrx_word' id='word_1_199' title='bbox 621 2326 816 2374; x_wconf 89' lang='lat' dir='ltr'>Domini</span> <span class='ocrx_word' id='word_1_200' title='bbox 846 2325 996 2390; x_wconf 88' lang='lat' dir='ltr'>[Dec.</span> <span class='ocrx_word' id='word_1_201' title='bbox 1022 2324 1094 2390; x_wconf 90' lang='lat'>3].</span> 
     </span>
    </p>

    <p class='ocr_par' dir='ltr' id='par_1_9' title="bbox 388 2404 2330 3102">
     <span class='ocr_line' id='line_1_26' title="bbox 458 2404 2329 2459; baseline -0.001 -6"><span class='ocrx_word' id='word_1_202' title='bbox 458 2405 600 2453; x_wconf 90' lang='lat' dir='ltr'>Anno</span> <span class='ocrx_word' id='word_1_203' title='bbox 625 2405 797 2453; x_wconf 88' lang='lat' dir='ltr'>eodem</span> <span class='ocrx_word' id='word_1_204' title='bbox 825 2404 1233 2453; x_wconf 89' lang='lat' dir='ltr'>Christianiffimus</span> <span class='ocrx_word' id='word_1_205' title='bbox 1257 2412 1304 2452; x_wconf 89' lang='lat' dir='ltr'>et</span> <span class='ocrx_word' id='word_1_206' title='bbox 1331 2404 1440 2452; x_wconf 89' lang='lat' dir='ltr'>Deo</span> <span class='ocrx_word' id='word_1_207' title='bbox 1465 2404 1668 2453; x_wconf 65' lang='lat' dir='ltr'>dilefflms</span> <span class='ocrx_word' id='word_1_208' title='bbox 1695 2404 1986 2459; x_wconf 90' lang='lat' dir='ltr'>Ludouicus‚</span> <span class='ocrx_word' id='word_1_209' title='bbox 2019 2421 2099 2452; x_wconf 86' lang='lat' dir='ltr'>rex</span> <span class='ocrx_word' id='word_1_210' title='bbox 2127 2404 2329 2452; x_wconf 87' lang='lat' dir='ltr'>Franco-</span> 
     </span>
     <span class='ocr_line' id='line_1_27' title="bbox 388 2483 2330 2548; baseline 0.001 -18"><span class='ocrx_word' id='word_1_211' title='bbox 388 2500 491 2530; x_wconf 90' lang='lat' dir='ltr'>rum</span> <span class='ocrx_word' id='word_1_212' title='bbox 516 2483 715 2539; x_wconf 85' lang='lat' dir='ltr'>illustris,</span> <span class='ocrx_word' id='word_1_213' title='bbox 736 2484 830 2532; x_wconf 86' lang='lat' dir='ltr'>Dei</span> <span class='ocrx_word' id='word_1_214' title='bbox 849 2484 1025 2532; x_wconf 66' lang='lat' dir='ltr'>cuncta</span> <span class='ocrx_word' id='word_1_215' title='bbox 1042 2484 1251 2548; x_wconf 87' lang='lat' dir='ltr'>regentis</span> <span class='ocrx_word' id='word_1_216' title='bbox 1269 2490 1317 2531; x_wconf 92' lang='lat' dir='ltr'>et</span> <span class='ocrx_word' id='word_1_217' title='bbox 1335 2483 1621 2548; x_wconf 88' lang='lat' dir='ltr'>disponentis</span> <span class='ocrx_word' id='word_1_218' title='bbox 1639 2483 1948 2548; x_wconf 85' lang='lat' dir='ltr'>providentia,</span> <span class='ocrx_word' id='word_1_219' title='bbox 1967 2484 2098 2548; x_wconf 85' lang='lat' dir='ltr'>gravi</span> <span class='ocrx_word' id='word_1_220' title='bbox 2119 2491 2330 2548; x_wconf 82' lang='lat' dir='ltr'>arreptus</span> 
     </span>
     <span class='ocr_line' id='line_1_28' title="bbox 391 2562 2329 2627; baseline 0.001 -18"><span class='ocrx_word' id='word_1_221' title='bbox 391 2563 458 2609; x_wconf 90' lang='lat' dir='ltr'>est</span> <span class='ocrx_word' id='word_1_222' title='bbox 482 2562 748 2610; x_wconf 89' lang='lat' dir='ltr'>infirmitate</span> <span class='ocrx_word' id='word_1_223' title='bbox 773 2563 819 2610; x_wconf 90' lang='lat' dir='ltr'>in</span> <span class='ocrx_word' id='word_1_224' title='bbox 841 2562 1081 2611; x_wconf 88' lang='lat' dir='ltr'>Parifienfi</span> <span class='ocrx_word' id='word_1_225' title='bbox 1105 2563 1311 2610; x_wconf 86' lang='lat' dir='ltr'>civitate.</span> <span class='ocrx_word' id='word_1_226' title='bbox 1385 2562 1706 2611; x_wconf 88' lang='lat' dir='ltr'>Invalescente</span> <span class='ocrx_word' id='word_1_227' title='bbox 1730 2579 1840 2611; x_wconf 91' lang='lat' dir='ltr'>vero</span> <span class='ocrx_word' id='word_1_228' title='bbox 1865 2563 2014 2610; x_wconf 87' lang='lat' dir='ltr'>morbi</span> <span class='ocrx_word' id='word_1_229' title='bbox 2039 2563 2329 2627; x_wconf 85' lang='lat' dir='ltr'>gravamine,</span> 
     </span>
     <span class='ocr_line' id='line_1_29' title="bbox 391 2641 2330 2706; baseline 0.001 -17"><span class='ocrx_word' id='word_1_230' title='bbox 391 2650 438 2689; x_wconf 88' lang='lat' dir='ltr'>et</span> <span class='ocrx_word' id='word_1_231' title='bbox 469 2649 601 2689; x_wconf 91' lang='lat' dir='ltr'>motu</span> <span class='ocrx_word' id='word_1_232' title='bbox 624 2642 753 2689; x_wconf 89' lang='lat' dir='ltr'>vitali</span> <span class='ocrx_word' id='word_1_233' title='bbox 779 2642 880 2706; x_wconf 86' lang='lat' dir='ltr'>jam</span> <span class='ocrx_word' id='word_1_234' title='bbox 904 2641 1125 2696; x_wconf 84' lang='lat' dir='ltr'>cefl&#39;ante,</span> <span class='ocrx_word' id='word_1_235' title='bbox 1149 2641 1397 2690; x_wconf 88' lang='lat' dir='ltr'>videbatur</span> <span class='ocrx_word' id='word_1_236' title='bbox 1430 2658 1458 2689; x_wconf 88' lang='lat' dir='ltr'>a</span> <span class='ocrx_word' id='word_1_237' title='bbox 1489 2641 1894 2690; x_wconf 87' lang='lat' dir='ltr'>circumstantibus</span> <span class='ocrx_word' id='word_1_238' title='bbox 1925 2644 2087 2690; x_wconf 89' lang='lat' dir='ltr'>mortis</span> <span class='ocrx_word' id='word_1_239' title='bbox 2118 2641 2330 2690; x_wconf 87' lang='lat' dir='ltr'>debitum</span> 
     </span>
     <span class='ocr_line' id='line_1_30' title="bbox 391 2720 2328 2786; baseline 0.001 -18"><span class='ocrx_word' id='word_1_240' title='bbox 391 2720 666 2785; x_wconf 79' lang='lat' dir='ltr'>persolvisse.</span> <span class='ocrx_word' id='word_1_241' title='bbox 726 2721 850 2769; x_wconf 90' lang='lat' dir='ltr'>Cum</span> <span class='ocrx_word' id='word_1_242' title='bbox 867 2720 1085 2785; x_wconf 72' lang='lat' dir='ltr'>jacuifl&#39;et</span> <span class='ocrx_word' id='word_1_243' title='bbox 1110 2728 1271 2769; x_wconf 86' lang='lat' dir='ltr'>autem</span> <span class='ocrx_word' id='word_1_244' title='bbox 1296 2722 1431 2785; x_wconf 89' lang='lat' dir='ltr'>super</span> <span class='ocrx_word' id='word_1_245' title='bbox 1454 2720 1633 2769; x_wconf 59' lang='lat' dir='ltr'>lectum</span> <span class='ocrx_word' id='word_1_246' title='bbox 1652 2721 1825 2770; x_wconf 90' lang='lat' dir='ltr'>doloris</span> <span class='ocrx_word' id='word_1_247' title='bbox 1843 2721 2181 2786; x_wconf 83' lang='lat' dir='ltr'>hujuscemodi,</span> <span class='ocrx_word' id='word_1_248' title='bbox 2200 2722 2328 2769; x_wconf 92' lang='lat' dir='ltr'>nullo</span> 
     </span>
     <span class='ocr_line' id='line_1_31' title="bbox 390 2799 2327 2865; baseline 0.001 -17"><span class='ocrx_word' id='word_1_249' title='bbox 390 2801 576 2865; x_wconf 85' lang='lat' dir='ltr'>penitus</span> <span class='ocrx_word' id='word_1_250' title='bbox 611 2801 658 2848; x_wconf 93' lang='lat' dir='ltr'>in</span> <span class='ocrx_word' id='word_1_251' title='bbox 690 2801 788 2864; x_wconf 94' lang='lat' dir='ltr'>ipso</span> <span class='ocrx_word' id='word_1_252' title='bbox 821 2807 1079 2864; x_wconf 88' lang='lat' dir='ltr'>apparente</span> <span class='ocrx_word' id='word_1_253' title='bbox 1110 2799 1242 2865; x_wconf 90' lang='lat' dir='ltr'>figno</span> <span class='ocrx_word' id='word_1_254' title='bbox 1276 2800 1406 2850; x_wconf 85' lang='lat' dir='ltr'>vitali</span> <span class='ocrx_word' id='word_1_255' title='bbox 1443 2817 1526 2864; x_wconf 91' lang='lat' dir='ltr'>per</span> <span class='ocrx_word' id='word_1_256' title='bbox 1556 2800 1778 2856; x_wconf 89' lang='lat' dir='ltr'>triduum,</span> <span class='ocrx_word' id='word_1_257' title='bbox 1810 2807 2003 2864; x_wconf 89' lang='lat' dir='ltr'>repente</span> <span class='ocrx_word' id='word_1_258' title='bbox 2034 2800 2327 2864; x_wconf 86' lang='lat' dir='ltr'>stupentibus</span> 
     </span>
     <span class='ocr_line' id='line_1_32' title="bbox 392 2879 2328 2944; baseline 0 -17"><span class='ocrx_word' id='word_1_259' title='bbox 392 2880 576 2927; x_wconf 57' lang='lat' dir='ltr'>cunstis</span> <span class='ocrx_word' id='word_1_260' title='bbox 600 2880 681 2944; x_wconf 93' lang='lat' dir='ltr'>qui</span> <span class='ocrx_word' id='word_1_261' title='bbox 707 2879 918 2934; x_wconf 87' lang='lat' dir='ltr'>aderant,</span> <span class='ocrx_word' id='word_1_262' title='bbox 943 2879 1138 2927; x_wconf 89' lang='lat' dir='ltr'>elevatis</span> <span class='ocrx_word' id='word_1_263' title='bbox 1161 2879 1209 2926; x_wconf 95' lang='lat' dir='ltr'>in</span> <span class='ocrx_word' id='word_1_264' title='bbox 1233 2879 1388 2939; x_wconf 26' lang='lat' dir='ltr'>cel-um</span> <span class='ocrx_word' id='word_1_265' title='bbox 1412 2879 1575 2934; x_wconf 90' lang='lat' dir='ltr'>oculis,</span> <span class='ocrx_word' id='word_1_266' title='bbox 1601 2880 1728 2927; x_wconf 89' lang='lat' dir='ltr'>clara</span> <span class='ocrx_word' id='word_1_267' title='bbox 1752 2896 1867 2927; x_wconf 90' lang='lat' dir='ltr'>voce</span> <span class='ocrx_word' id='word_1_268' title='bbox 1892 2879 2132 2927; x_wconf 88' lang='lat' dir='ltr'>benedixit</span> <span class='ocrx_word' id='word_1_269' title='bbox 2154 2896 2328 2928; x_wconf 91' lang='lat' dir='ltr'>nomen</span> 
     </span>
     <span class='ocr_line' id='line_1_33' title="bbox 397 2957 2326 3023; baseline 0 -17"><span class='ocrx_word' id='word_1_270' title='bbox 397 2959 490 3007; x_wconf 90' lang='lat' dir='ltr'>Dei</span> <span class='ocrx_word' id='word_1_271' title='bbox 509 2959 864 3023; x_wconf 82' lang='lat' dir='ltr'>omnipotentis!</span> <span class='ocrx_word' id='word_1_272' title='bbox 906 2958 1100 3006; x_wconf 90' lang='lat' dir='ltr'>Deinde</span> <span class='ocrx_word' id='word_1_273' title='bbox 1124 2958 1344 3023; x_wconf 90' lang='lat' dir='ltr'>episcopo</span> <span class='ocrx_word' id='word_1_274' title='bbox 1366 2957 1666 3006; x_wconf 87' lang='lat' dir='ltr'>Parifiacenfi</span> <span class='ocrx_word' id='word_1_275' title='bbox 1690 2957 1930 3013; x_wconf 77' lang='lat' dir='ltr'>accersito,</span> <span class='ocrx_word' id='word_1_276' title='bbox 1949 2957 2077 3022; x_wconf 87' lang='lat' dir='ltr'>juffit</span> <span class='ocrx_word' id='word_1_277' title='bbox 2100 2966 2153 3005; x_wconf 91' lang='lat' dir='ltr'>ut</span> <span class='ocrx_word' id='word_1_278' title='bbox 2176 2960 2326 3008; x_wconf 87' lang='lat' dir='ltr'>sacro-</span> 
     </span>
     <span class='ocr_line' id='line_1_34' title="bbox 391 3037 2328 3102; baseline 0.001 -16"><span class='ocrx_word' id='word_1_279' title='bbox 391 3039 552 3086; x_wconf 65' lang='lat' dir='ltr'>sancte</span> <span class='ocrx_word' id='word_1_280' title='bbox 588 3038 737 3086; x_wconf 89' lang='lat' dir='ltr'>crucis</span> <span class='ocrx_word' id='word_1_281' title='bbox 768 3037 987 3086; x_wconf 88' lang='lat' dir='ltr'>vexillum</span> <span class='ocrx_word' id='word_1_282' title='bbox 1023 3037 1284 3102; x_wconf 88' lang='lat' dir='ltr'>imponeret</span> <span class='ocrx_word' id='word_1_283' title='bbox 1318 3037 1515 3085; x_wconf 89' lang='lat' dir='ltr'>humero</span> <span class='ocrx_word' id='word_1_284' title='bbox 1546 3037 1644 3092; x_wconf 90' lang='lat' dir='ltr'>su0,</span> <span class='ocrx_word' id='word_1_285' title='bbox 1679 3037 1977 3101; x_wconf 66' lang='lat' dir='ltr'>profe6mrus</span> <span class='ocrx_word' id='word_1_286' title='bbox 2011 3053 2184 3086; x_wconf 89' lang='lat' dir='ltr'>nomen</span> <span class='ocrx_word' id='word_1_287' title='bbox 2215 3038 2328 3087; x_wconf 89' lang='lat' dir='ltr'>Jesu</span> 
     </span>
    </p>
   </div>
   <div class='ocr_carea' id='block_1_8' title="bbox 391 3185 2331 3343">
    <p class='ocr_par' dir='ltr' id='par_1_10' title="bbox 391 3185 2331 3343">
     <span class='ocr_line' id='line_1_35' title="bbox 455 3185 2330 3231; baseline 0.001 -10"><span class='ocrx_word' id='word_1_288' title='bbox 455 3187 468 3201; x_wconf 80' lang='lat'>⁰</span> <span class='ocrx_word' id='word_1_289' title='bbox 500 3188 533 3221; x_wconf 94' lang='lat' dir='ltr'>A</span> <span class='ocrx_word' id='word_1_290' title='bbox 550 3187 620 3222; x_wconf 87' lang='lat' dir='ltr'>line</span> <span class='ocrx_word' id='word_1_291' title='bbox 638 3187 700 3221; x_wconf 85' lang='lat' dir='ltr'>has</span> <span class='ocrx_word' id='word_1_292' title='bbox 718 3188 806 3221; x_wconf 90' lang='lat' dir='ltr'>been</span> <span class='ocrx_word' id='word_1_293' title='bbox 824 3186 908 3221; x_wconf 89' lang='lat' dir='ltr'>here</span> <span class='ocrx_word' id='word_1_294' title='bbox 926 3186 1049 3221; x_wconf 87' lang='lat' dir='ltr'>erased</span> <span class='ocrx_word' id='word_1_295' title='bbox 1065 3185 1153 3229; x_wconf 87' lang='lat' dir='ltr'>from</span> <span class='ocrx_word' id='word_1_296' title='bbox 1170 3186 1233 3221; x_wconf 89' lang='lat' dir='ltr'>the</span> <span class='ocrx_word' id='word_1_297' title='bbox 1250 3186 1475 3231; x_wconf 84' lang='lat' dir='ltr'>manuscript.</span> <span class='ocrx_word' id='word_1_298' title='bbox 1645 3185 1661 3205; x_wconf 78' lang='lat'>‘²</span> <span class='ocrx_word' id='word_1_299' title='bbox 1690 3185 1722 3220; x_wconf 93' lang='lat' dir='ltr'>It</span> <span class='ocrx_word' id='word_1_300' title='bbox 1739 3185 1767 3221; x_wconf 91' lang='lat' dir='ltr'>is</span> <span class='ocrx_word' id='word_1_301' title='bbox 1787 3185 1968 3221; x_wconf 84' lang='lat' dir='ltr'>uncertain</span> <span class='ocrx_word' id='word_1_302' title='bbox 1986 3185 2145 3221; x_wconf 82' lang='lat' dir='ltr'>whether</span> <span class='ocrx_word' id='word_1_303' title='bbox 2161 3187 2231 3222; x_wconf 87' lang='lat' dir='ltr'>this</span> <span class='ocrx_word' id='word_1_304' title='bbox 2249 3188 2330 3223; x_wconf 86' lang='lat' dir='ltr'>date</span> 
     </span>
     <span class='ocr_line' id='line_1_36' title="bbox 391 3240 2331 3288; baseline 0.001 -11"><span class='ocrx_word' id='word_1_305' title='bbox 391 3243 533 3288; x_wconf 88' lang='lat' dir='ltr'>(placed</span> <span class='ocrx_word' id='word_1_306' title='bbox 555 3243 592 3277; x_wconf 90' lang='lat' dir='ltr'>in</span> <span class='ocrx_word' id='word_1_307' title='bbox 608 3242 670 3277; x_wconf 88' lang='lat' dir='ltr'>the</span> <span class='ocrx_word' id='word_1_308' title='bbox 695 3242 908 3288; x_wconf 88' lang='lat' dir='ltr'>manuscript</span> <span class='ocrx_word' id='word_1_309' title='bbox 925 3253 971 3277; x_wconf 94' lang='lat' dir='ltr'>on</span> <span class='ocrx_word' id='word_1_310' title='bbox 996 3254 1018 3276; x_wconf 89' lang='lat' dir='ltr'>a</span> <span class='ocrx_word' id='word_1_311' title='bbox 1037 3241 1108 3276; x_wconf 89' lang='lat' dir='ltr'>line</span> <span class='ocrx_word' id='word_1_312' title='bbox 1124 3243 1171 3287; x_wconf 90' lang='lat' dir='ltr'>by</span> <span class='ocrx_word' id='word_1_313' title='bbox 1186 3240 1290 3282; x_wconf 86' lang='lat' dir='ltr'>itself,</span> <span class='ocrx_word' id='word_1_314' title='bbox 1310 3241 1381 3276; x_wconf 84' lang='lat' dir='ltr'>and</span> <span class='ocrx_word' id='word_1_315' title='bbox 1401 3241 1648 3276; x_wconf 85' lang='lat' dir='ltr'>unconneeted</span> <span class='ocrx_word' id='word_1_316' title='bbox 1663 3240 1750 3277; x_wconf 85' lang='lat' dir='ltr'>with</span> <span class='ocrx_word' id='word_1_317' title='bbox 1771 3240 1834 3275; x_wconf 91' lang='lat' dir='ltr'>the</span> <span class='ocrx_word' id='word_1_318' title='bbox 1851 3248 1952 3287; x_wconf 88' lang='lat' dir='ltr'>entry</span> <span class='ocrx_word' id='word_1_319' title='bbox 1968 3241 2085 3276; x_wconf 87' lang='lat' dir='ltr'>which</span> <span class='ocrx_word' id='word_1_320' title='bbox 2107 3242 2274 3288; x_wconf 71' lang='lat' dir='ltr'>precedes</span> <span class='ocrx_word' id='word_1_321' title='bbox 2291 3256 2331 3278; x_wconf 92' lang='lat' dir='ltr'>or</span> 
     </span>
     <span class='ocr_line' id='line_1_37' title="bbox 391 3292 2329 3343; baseline 0.002 -12"><span class='ocrx_word' id='word_1_322' title='bbox 391 3297 528 3333; x_wconf 83' lang='lat' dir='ltr'>follows</span> <span class='ocrx_word' id='word_1_323' title='bbox 545 3299 589 3343; x_wconf 84' lang='lat' dir='ltr'>it)</span> <span class='ocrx_word' id='word_1_324' title='bbox 607 3298 751 3343; x_wconf 87' lang='lat' dir='ltr'>belongs</span> <span class='ocrx_word' id='word_1_325' title='bbox 767 3305 806 3332; x_wconf 89' lang='lat' dir='ltr'>to</span> <span class='ocrx_word' id='word_1_326' title='bbox 823 3298 885 3333; x_wconf 88' lang='lat' dir='ltr'>the</span> <span class='ocrx_word' id='word_1_327' title='bbox 902 3303 1008 3332; x_wconf 88' lang='lat' dir='ltr'>event</span> <span class='ocrx_word' id='word_1_328' title='bbox 1025 3304 1063 3332; x_wconf 93' lang='lat' dir='ltr'>to</span> <span class='ocrx_word' id='word_1_329' title='bbox 1080 3296 1198 3332; x_wconf 91' lang='lat' dir='ltr'>which</span> <span class='ocrx_word' id='word_1_330' title='bbox 1218 3297 1235 3331; x_wconf 93' lang='grc' dir='ltr'>Ι</span> <span class='ocrx_word' id='word_1_331' title='bbox 1252 3296 1342 3331; x_wconf 86' lang='lat' dir='ltr'>have</span> <span class='ocrx_word' id='word_1_332' title='bbox 1359 3296 1522 3343; x_wconf 88' lang='lat' dir='ltr'>adjoined</span> <span class='ocrx_word' id='word_1_333' title='bbox 1537 3297 1575 3331; x_wconf 86' lang='lat' dir='ltr'>it.</span> <span class='ocrx_word' id='word_1_334' title='bbox 1743 3296 1757 3312; x_wconf 73' lang='lat'><strong><em>⁶</em></strong></span> <span class='ocrx_word' id='word_1_335' title='bbox 1782 3296 1822 3332; x_wconf 90' lang='lat' dir='ltr'>St</span> <span class='ocrx_word' id='word_1_336' title='bbox 1842 3297 1950 3332; x_wconf 88' lang='lat' dir='ltr'>Louis</span> <span class='ocrx_word' id='word_1_337' title='bbox 1967 3297 2030 3333; x_wconf 83' lang='lat' dir='ltr'>lest</span> <span class='ocrx_word' id='word_1_338' title='bbox 2050 3297 2182 3333; x_wconf 83' lang='lat' dir='ltr'>France</span> <span class='ocrx_word' id='word_1_339' title='bbox 2197 3292 2251 3335; x_wconf 64' lang='lat' dir='ltr'>for</span> <span class='ocrx_word' id='word_1_340' title='bbox 2267 3299 2329 3335; x_wconf 87' lang='lat' dir='ltr'>the</span> 
     </span>
    </p>
   </div>
   <div class='ocr_carea' id='block_1_9' title="bbox 394 3353 1538 3401">
    <p class='ocr_par' dir='ltr' id='par_1_11' title="bbox 394 3353 1538 3401">
     <span class='ocr_line' id='line_1_38' title="bbox 394 3353 1538 3401; baseline -0.002 -13"><span class='ocrx_word' id='word_1_341' title='bbox 394 3353 490 3398; x_wconf 86' lang='lat' dir='ltr'>Holy</span> <span class='ocrx_word' id='word_1_342' title='bbox 508 3353 610 3388; x_wconf 85' lang='lat' dir='ltr'>Laud</span> <span class='ocrx_word' id='word_1_343' title='bbox 626 3365 673 3388; x_wconf 92' lang='lat' dir='ltr'>on</span> <span class='ocrx_word' id='word_1_344' title='bbox 693 3353 827 3399; x_wconf 89' lang='lat' dir='ltr'>Friday,</span> <span class='ocrx_word' id='word_1_345' title='bbox 851 3353 936 3388; x_wconf 85' lang='lat' dir='ltr'>12th</span> <span class='ocrx_word' id='word_1_346' title='bbox 954 3353 1046 3388; x_wconf 87' lang='lat' dir='ltr'>June</span> <span class='ocrx_word' id='word_1_347' title='bbox 1067 3354 1168 3387; x_wconf 81' lang='lat'>1248.</span> <span class='ocrx_word' id='word_1_348' title='bbox 1220 3353 1383 3401; x_wconf 74' lang='lat' dir='ltr'>Hemnlt,</span> <span class='ocrx_word' id='word_1_349' title='bbox 1402 3363 1437 3398; x_wconf 91' lang='lat' dir='ltr'>p.</span> <span class='ocrx_word' id='word_1_350' title='bbox 1460 3354 1538 3387; x_wconf 86' lang='lat'>160.</span> 
     </span>
    </p>
   </div>
  </div>
 </body>
</html>
