2846 3874
596 466 686 510 134
1055 461 1478 510 CHRONICA
1521 461 1622 510 DE
1672 461 2052 513 MAILROS.
2207 466 2340 516 A.D.
2382 471 2523 517 1218.

593 608 851 648 conventus
896 600 1001 646 suos
1046 598 1348 646 interdifflzum
1394 597 1616 662 recepisse
1663 600 1984 671 cognosceret.
2060 600 2298 666 Susceptis
2337 604 2530 654 tandem

591 679 755 727 litteris
780 678 1005 726 abbatum
1029 677 1230 732 suorum,
1255 676 1475 725 monachi
1499 684 1599 725 tam
1623 694 1652 725 a
1676 677 1940 727 divinorum
1958 678 2278 729 celebratione
2302 698 2448 747 quam
2471 684 2533 732 ab

592 759 782 805 introitu
806 755 999 804 ecclesie
1023 756 1266 821 aliquanto
1285 763 1498 821 tempore
1517 756 1824 814 cessaverunt,
1843 758 1997 808 donec
2020 759 2081 808 de
2103 760 2330 810 mandato
2355 762 2533 812 domini
2580 810 2582 812 ,

591 838 734 901 legati
754 853 836 901 per
859 851 1051 884 manum
1070 836 1247 884 domini
1270 835 1544 901 W[illelmi]
1574 837 1780 903 episcopi
1803 838 1954 888 sancti
1981 838 2173 888 Andree
2193 839 2533 892 absolutionem

591 924 918 981 perceperunt,
954 915 1158 982 praestito
1187 917 1314 981 prius
1332 916 1603 981 juramento
1627 917 1777 966 standi
1795 917 1978 983 judicio
2010 918 2203 967 ecclefie
2227 928 2276 968 et
2299 921 2534 970 mandatis

590 996 766 1044 domini
791 1013 931 1061 pape,
955 996 1082 1044 salvo
1107 995 1271 1044 ordine
1295 997 1377 1044 suo
1402 1003 1450 1044 et
1474 996 1729 1062 privilegiis
1754 998 1860 1046 suis.

658 1075 845 1123 Eodem
886 1092 1010 1123 anno
1045 1076 1202 1124 mense
1243 1075 1393 1139 Mayo
1434 1076 1570 1124 rediit
1612 1075 1830 1126 dominus
1873 1077 2143 1143 Stephanus
2185 1079 2534 1129 Cantuarienfis

590 1154 965 1220 archiepiscopus
1001 1173 1029 1202 a
1064 1155 1274 1220 generali
1309 1155 1525 1211 concilio,
1562 1164 1609 1203 et
1645 1156 1851 1205 introivit
1885 1158 1933 1205 in
1969 1157 2197 1223 Angliam
2233 1159 2451 1208 omnibus
2486 1161 2532 1207 in

589 1235 793 1282 adventu
818 1235 957 1299 ipsius
975 1242 1203 1299 tanquam
1227 1235 1274 1283 in
1299 1234 1506 1283 adventu
1531 1235 1689 1300 angeli
1713 1237 1860 1300 pacis,
1880 1237 2024 1302 patris
2044 1245 2091 1285 et
2114 1238 2310 1302 pastoris
2335 1239 2532 1303 piifflmi,

589 1314 923 1370 exultantibus,
949 1323 997 1363 et
1020 1315 1188 1363 iterum
1214 1322 1358 1379 atque
1391 1315 1559 1362 iterum
1581 1314 1908 1379 jubilantibus,
1942 1325 1972 1345 ‘⁶
1998 1316 2279 1366 benedictus
2302 1319 2383 1382 qui
2408 1319 2533 1366 venit

588 1396 635 1442 in
659 1396 849 1443 nomine
876 1395 1132 1443 Domini!”

655 1474 840 1522 Eodem
861 1491 1000 1529 anno,
1026 1474 1294 1521 discedente
1319 1474 1449 1523 dicto
1477 1474 1540 1522 G.
1565 1475 1726 1538 legato
1751 1474 1810 1523 de
1838 1475 2031 1539 Anglia,
2057 1476 2184 1522 venit
2208 1475 2384 1523 ibidem
2411 1476 2533 1524 Pan-

588 1555 744 1601 dulfus
768 1554 1010 1618 quondam
1034 1553 1230 1601 clericus
1257 1552 1473 1601 Romane
1497 1553 1634 1607 sedis,
1659 1560 1772 1601 tunc
1797 1554 2021 1617 temporis
2044 1554 2232 1617 legatus
2256 1554 2533 1602 constitutus

587 1633 779 1697 Anglie,
805 1640 851 1680 et
877 1632 1059 1680 electus
1083 1632 1130 1679 in
1155 1632 1426 1696 episcopum
1452 1631 1740 1680 Norwichie.

654 1712 853 1760 Electus
884 1711 952 1759 est
983 1711 1200 1759 dominus
1230 1710 1310 1759 W.
1338 1711 1696 1759 archidiaconus
1728 1711 1787 1759 de
1822 1710 2150 1760 Buckincham
2183 1713 2229 1759 in
2263 1713 2531 1778 episcopum

592 1791 930 1840 Wirecestrie.⁰

655 1871 788 1918 Obiit
820 1871 1065 1935 episcopus
1098 1870 1157 1917 de
1193 1870 1367 1933 BreYn,
1401 1870 1476 1917 cui
1512 1869 1720 1918 succeffit
1753 1870 1971 1918 dominus
2007 1870 2268 1935 Gregorius
2304 1872 2532 1920 archidia-

589 1968 734 1999 conus
759 1950 967 2015 ejusdem
993 1949 1304 2014 episcopatus.

656 2030 841 2078 Eodem
874 2045 997 2076 anno
1022 2028 1138 2076 obiit
1166 2028 1295 2075 Otho
1327 2029 1579 2092 imperator
1598 2028 1900 2084 Alemannie,
1925 2029 2001 2076 cui
2027 2028 2235 2077 successit
2254 2029 2530 2078 Fredericus

589 2110 744 2156 dictus
769 2110 924 2155 infans
952 2108 1101 2155 Pulie.

658 2188 791 2235 Obiit
820 2188 963 2234 etiam
988 2203 1146 2235 comes
1174 2186 1466 2251 Burgundie‚
1500 2194 1548 2234 et
1571 2187 1751 2235 occisus
1775 2186 1843 2234 est
1872 2186 2034 2234 Simon
2067 2203 2226 2235 comes
2251 2188 2310 2235 de
2342 2188 2529 2237 Monte-

589 2268 751 2322 forti31’
787 2283 988 2331 quorum
1013 2266 1169 2314 anime
1194 2266 1489 2330 requiescant
1513 2266 1560 2313 in
1584 2283 1719 2330 pace.

655 2347 719 2409 iij.
740 2363 889 2394 nonas
911 2344 1134 2394 Octobris
1158 2344 1292 2409 [Oct.
1311 2345 1361 2410 7]
1383 2345 1500 2393 obiit
1521 2344 1757 2394 Henricus
1776 2344 1925 2393 abbas
1943 2345 2003 2394 de
2022 2345 2256 2401 Kelchou,
2275 2347 2381 2394 loco
2397 2348 2470 2411 cuj
2478 2364 2531 2396 us

589 2426 795 2474 succeffit
828 2426 1060 2490 dompnus
1094 2424 1377 2472 Ricardusvv
1408 2425 1534 2489 prior
1566 2425 1775 2489 ejusdem
1806 2424 1992 2479 domus,
2026 2425 2139 2490 xiiij.
2169 2426 2397 2474 kalendas
2430 2426 2530 2475 No-

590 2506 793 2553 uembris
822 2505 955 2569 [Oct.
988 2504 1086 2568 19].

657 2585 842 2632 Eodem
874 2601 998 2632 anno
1022 2584 1225 2649 profecti
1257 2585 1360 2632 sunt
1385 2584 1446 2632 ad
1470 2584 1730 2649 capitulum
1761 2584 1984 2649 generale
2015 2585 2115 2632 sere
2139 2601 2303 2633 omnes
2331 2584 2529 2634 abbates

592 2665 783 2730 Anglie‚
814 2664 1005 2719 Wallie‚
1039 2672 1086 2712 et
1116 2663 1293 2719 Scotie‚
1327 2664 1388 2711 ad
1419 2664 1698 2712 mandatum
1722 2663 1899 2711 domini
1927 2662 2139 2712 Cistercii
2171 2664 2232 2712 de
2260 2663 2418 2712 arduis
2448 2681 2530 2713 ne-

589 2745 730 2808 gotiis
762 2744 936 2792 ordinis
967 2743 1236 2798 tractatum
1273 2760 1302 2791 a
1332 2760 1428 2808 quo
1460 2743 1669 2808 capitulo
1701 2742 1905 2792 Romam
1935 2743 2138 2808 proferiti
2169 2743 2275 2791 sunt
2312 2743 2528 2792 dominus

594 2824 805 2872 Cistercii
830 2832 877 2872 et
899 2822 1261 2872 Clareuallenfis
1286 2839 1393 2871 cum
1412 2822 1473 2888 vj.
1499 2823 1602 2872 aliis
1627 2822 1940 2872 coabbatibus
1963 2823 2072 2878 suis,
2091 2823 2150 2871 de
2173 2823 2354 2888 injuriis
2377 2822 2527 2871 ordini

590 2902 727 2951 illatis
765 2921 793 2951 a
830 2903 960 2952 dicto
994 2903 1058 2951 G.
1099 2903 1323 2951 cardinali
1361 2903 1715 2968 queremoniam
1752 2901 2050 2969 propofituri;
2086 2902 2167 2951 ubi
2202 2903 2527 2968 patrocinante

594 2982 699 3029 Deo
732 2991 779 3030 et
810 2983 1019 3047 ejusdem
1051 2983 1280 3048 genitrice
1312 2984 1492 3048 semper
1515 2983 1698 3049 virgine
1723 2982 1897 3039 Maria,
1928 2982 2068 3049 ipfius
2090 2982 2265 3031 ordinis
2295 2980 2527 3030 advocata

651 3127 666 3141 ⁰
690 3128 842 3164 william
858 3130 902 3164 de
914 3131 1009 3166 Blois
1022 3142 1094 3167 was
1110 3131 1314 3168 nominated
1329 3137 1368 3167 to
1383 3131 1446 3167 the
1462 3131 1639 3178 bishopric
1655 3131 1700 3167 of
1706 3131 1920 3173 Worcester,
1939 3130 2027 3167 24th
2042 3130 2147 3170 June,
2169 3129 2270 3163 1218.
2368 3126 2384 3146 ¹’
2404 3127 2523 3163 Simon

589 3181 912 3284 fl‘eaffbgrgtfligz'zai}
927 3185 1016 3254 elain
1040 3185 1159 3222 before
1187 3186 1380 3223 Toulouse.
1419 3187 1487 3223 See
1512 3187 1614 3234 Veuy,
1633 3186 1679 3222 iii.
1699 3188 1780 3228 516,
1799 3186 1882 3225 517.
2066 3183 2100 3205 ’¹’
2119 3183 2161 3219 In
2177 3182 2240 3218 the
2255 3181 2386 3228 margin
2403 3183 2523 3218 stands

2606 2201 2665 2236 fol.
2687 2205 2743 2237 36.
