2904 3886
619 491 710 541 164
1078 492 1501 542 CHRONICA
1546 492 1647 540 DE
1693 491 2080 541 MAILROS.
2240 495 2371 544 A.D.
2404 500 2544 545 1245.

617 631 786 679 Christi
812 639 858 678 et
883 630 1032 678 crucis
1055 631 1254 695 gloriam
1277 629 1518 684 extollere,
1544 629 1814 694 ubicunque
1838 630 2002 679 sancta
2026 630 2222 680 ecclesia
2243 630 2326 680 fibi
2349 634 2547 683 voluerit

613 711 856 774 imperare.
918 708 1179 772 Episcopus
1202 725 1312 756 vero
1336 715 1623 756 memoratus
1647 708 1906 757 devocione
1929 726 2026 774 qua
2049 709 2208 758 decuit
2231 711 2296 775 pii
2319 712 2444 776 regis
2467 713 2546 776 pia

612 797 721 836 vota
745 788 968 852 implevit,
994 794 1041 835 et
1065 804 1145 835 rex
1169 787 1379 851 protinus
1403 788 1462 835 de
1487 787 1754 836 infirmitate
1778 789 1861 836 sua
1884 789 2097 853 perfefite
2121 790 2373 838 convaluit.

680 867 805 915 Sane
841 867 1010 914 eodem
1043 874 1255 931 tempore
1283 866 1575 922 Fredericus,
1607 868 1861 931 imperator
1893 867 2259 924 nefandiffimus,
2296 869 2458 917 audito
2483 870 2543 918 de

611 947 791 1010 praefati
825 939 949 1010 regis
974 946 1239 1011 egritudine
1264 954 1311 994 et
1336 946 1485 994 crucis
1509 945 1784 1012 signatione,
1810 946 1893 994 sub
1925 947 2119 1002 fraudis,
2144 955 2196 995 ut
2227 947 2445 1003 creditur,
2478 950 2546 996 in-

612 1026 844 1080 tencione,
870 1025 979 1074 istas
1001 1026 1226 1073 litteras⁸⁰
1250 1026 1511 1074 destinavit.

678 1194 706 1213 ‘⁶
735 1184 1082 1240 FREDEmcth,
1112 1184 1204 1232 Dei
1234 1185 1403 1249 gratia,
1432 1184 1752 1232 Romanorum
1776 1185 2044 1250 imperator,
2077 1186 2257 1249 semper
2284 1186 2544 1251 Augustus,

615 1264 865 1311 Ierusalem
891 1272 938 1312 et
969 1264 1156 1312 Scicilie
1187 1281 1284 1319 rex,
1315 1263 1575 1319 Ludovico,
1603 1264 1701 1312 Dei
1734 1265 1888 1329 gratia
1919 1264 2078 1312 illustri
2109 1265 2209 1330 regi
2241 1265 2544 1320 Francorum,

610 1343 806 1391 salutem
845 1352 891 1391 et
928 1343 1103 1391 sincere
1143 1343 1410 1391 dilectionis
1448 1343 1687 1390 affefitum.
1761 1343 1978 1391 Pervenit
2011 1344 2072 1391 ad
2110 1344 2406 1392 audienciam
2444 1346 2545 1392 nos-

609 1431 729 1470 tram
765 1440 921 1470 rumor
955 1423 1163 1477 infestus,
1190 1439 1345 1469 rumor
1377 1422 1737 1470 amaritudinem
1771 1423 2015 1477 nuncians,
2041 1423 2122 1486 qui
2157 1424 2401 1487 personam
2426 1425 2545 1488 regi-

611 1519 703 1557 am,
728 1503 995 1566 requirente
1020 1502 1172 1549 carnis
1195 1502 1470 1566 fragilitate,
1502 1501 1867 1565 ingravescentis
1891 1501 2168 1566 egritudinis
2191 1502 2372 1565 lapsum
2396 1519 2545 1566 nuper

610 1582 798 1628 edocuit
836 1580 1086 1629 incurrisse.
1168 1580 1413 1628 Convertit
1450 1588 1609 1627 tamen
1647 1580 1866 1643 querelas
1905 1580 2084 1628 nostras
2124 1581 2171 1627 in
2212 1581 2456 1645 gaudium,
2499 1589 2546 1628 et

607 1661 890 1725 puncturam
915 1660 1087 1707 doloris
1112 1660 1343 1707 intrinseci
1367 1659 1598 1706 transtulit
1627 1659 1674 1706 in
1705 1659 1958 1714 medelam,
1983 1660 2216 1724 resumpte
2249 1659 2544 1724 postmodum

607 1740 815 1787 sanitatis
841 1739 1043 1794 auditus,
1076 1756 1173 1804 qua
1196 1756 1279 1787 vos
1306 1739 1479 1786 Divine
1510 1738 1731 1803 potencie
1763 1738 1958 1786 dextera
1990 1755 2084 1803 que
2115 1739 2473 1787 misericorditer
2498 1747 2544 1786 et

606 1819 836 1874 medetur,
869 1818 999 1883 quafi
1031 1836 1059 1866 a
1093 1819 1253 1867 mortis
1278 1818 1438 1882 januis
1473 1817 1821 1865 clementissime
1855 1817 2085 1866 liberavit.
2159 1817 2293 1865 Idem
2324 1818 2541 1882 profecto

607 1898 885 1947 visitacionis
904 1914 1071 1963 genus,
1090 1898 1188 1962 ipsa
1212 1914 1366 1945 rerum
1385 1904 1432 1945 et
1455 1897 1680 1961 temporis
1697 1896 2030 1945 neceffitudine
2054 1898 2336 1961 requirente,
2356 1897 2416 1945 de
2440 1914 2543 1962 pro-

607 1978 754 2025 fundo
780 1977 1072 2025 consiliorum
1093 1977 1285 2025 Domini
1311 1985 1409 2024 tam
1433 1975 1603 2024 salubri
1622 1993 1766 2040 quam
1789 1976 2045 2024 necessaria
2062 1976 2320 2040 provisione
2339 1976 2543 2024 creditur

608 2056 880 2120 provenisse,
913 2064 1147 2120 quatenus
1170 2055 1444 2110 infidelium,
1476 2072 1560 2119 pro
1593 2055 1748 2103 dolor!
1785 2054 2142 2103 recrudescente
2173 2055 2408 2120 nequicia,
2433 2055 2541 2103 fidei

608 2135 760 2182 nostre
793 2136 922 2183 varia
952 2135 1123 2200 strage,
1161 2135 1369 2182 fidelium
1402 2134 1615 2182 doloroso
1647 2134 1889 2198 dispendio
1923 2134 2146 2199 irrogatO,
2181 2135 2355 2182 Divino
2387 2135 2542 2182 traGtu

610 2221 871 2262 commotus
894 2231 1043 2262 novus
1067 2214 1197 2278 pugil
1222 2214 1496 2278 insurgeret,
1515 2221 1563 2260 et
1587 2229 1827 2261 enormem
1850 2213 2067 2277 injuriam
2094 2214 2191 2261 Dei
2215 2214 2355 2261 nostri
2374 2215 2543 2262 vexillo

610 2293 759 2340 crucis
784 2292 1029 2357 assumpto,
1061 2310 1155 2357 que
1181 2293 1282 2357 jam
1306 2292 1586 2356 potiffimum
1610 2291 1719 2339 fidei
1751 2291 1904 2340 nostre
1936 2292 2077 2340 restat
2102 2293 2341 2348 auxilium,
2367 2293 2545 2341 athleta

612 2372 895 2420 Dominicus
919 2373 1154 2438 satageret
1178 2371 1430 2419 vindicare.
1504 2370 1661 2436 Hujus
1685 2371 1861 2436 quippe
1886 2372 2062 2419 causati
2095 2372 2406 2420 commoditas
2434 2389 2543 2420 cau-

610 2452 706 2498 sam
737 2451 1016 2499 infirmitatis
1039 2451 1357 2516 praenunciam
1389 2450 1556 2497 merito
1582 2450 1810 2497 convertit
1838 2450 1885 2497 in
1909 2450 2153 2515 gaudium,
2178 2467 2287 2499 cum
2311 2467 2370 2498 ex
2394 2468 2452 2499 eo
2477 2452 2544 2499 in-

611 2531 859 2578 commodo
884 2531 1167 2595 praecedenti
1200 2529 1434 2594 sequentis
1462 2529 1645 2577 sru6tus
1670 2528 1971 2577 commodum
2002 2530 2247 2594 multiplex
2279 2530 2542 2596 colligatur.

614 2609 863 2657 Generalis
900 2610 1065 2674 primo,
1104 2609 1231 2674 quod
1263 2625 1322 2656 ex
1352 2608 1478 2656 felici
1510 2607 1702 2656 transitu
1738 2608 1870 2673 regio
1903 2608 1964 2656 ad
2001 2609 2202 2672 patriam
2243 2608 2453 2664 Domini,
2485 2610 2544 2657 de

611 2688 780 2752 gladiis
803 2688 1003 2737 hostium
1026 2688 1200 2736 viribus
1227 2688 1424 2736 Gallicis
1449 2687 1721 2743 eruendam,
1746 2687 2030 2735 Saracenica
2053 2688 2284 2752 pravitate
2308 2688 2547 2737 destrufita

611 2767 717 2815 fidei
751 2768 902 2816 nostre
935 2768 1214 2816 detrimento
1254 2767 1520 2821 consulitur,
1552 2767 1700 2815 honor
1739 2766 1981 2822 excolitur,
2013 2767 2061 2815 in
2093 2783 2189 2831 quo
2224 2784 2306 2816 vos
2335 2766 2551 2815 mirificas

679 2936 707 2955 “
735 2926 817 2975 An
850 2926 1123 2991 Apostolice
1157 2926 1400 2992 dignitatis
1440 2926 1641 2990 apicem,
1677 2925 1787 2973 licet
1821 2925 2021 2990 indigni,
2057 2925 2332 2991 dignatione
2370 2925 2544 2973 Divina
2600 2937 2661 2974 fol.
2679 2941 2737 2973 49.

615 3005 811 3059 affumti,
835 3006 1043 3054 omnium
1066 3005 1435 3054 Christianorum
1459 3021 1620 3053 curam
1638 3004 1766 3069 vigili
1790 3004 2047 3069 sedulaque
2071 3004 2280 3052 sollercia
2303 3019 2360 3051 ac
2382 3003 2543 3050 intime

616 3083 993 3133 considerationis
1023 3085 1162 3133 oculo
1191 3084 1477 3150 singulorum
1508 3083 1768 3132 discernere
1798 3084 1981 3138 merita,
2013 3090 2061 3131 et
2090 3081 2283 3147 provide
2312 3079 2541 3129 delibera-

615 3162 754 3209 tionis
776 3162 948 3211 statera
968 3163 1139 3211 librare
1163 3163 1407 3219 debemus,
1439 3170 1491 3211 ut
1521 3179 1642 3227 quos
1657 3162 1770 3227 justi
1794 3162 1927 3227 vigor
1950 3161 2176 3210 examinis
2199 3160 2368 3224 dignos
2390 3159 2541 3208 osten-

678 3289 710 3303 ‘'
739 3288 827 3324 This
843 3289 946 3324 letter
961 3290 990 3325 is
1006 3297 1070 3325 not
1086 3297 1245 3336 amongst
1259 3292 1322 3327 the
1341 3296 1365 3311 ‘⁸
1379 3291 1531 3336 metata·
1548 3291 1646 3324 Petri
1659 3290 1702 3324 de
1719 3289 1864 3324 Vincit!¹
1909 3291 1992 3329 evo,
2015 3268 2117 3326 1340.
2285 3286 2298 3306 ¹
2324 3287 2406 3322 The
2421 3298 2543 3323 manu·

616 3344 723 3390 script
739 3344 824 3380 here
839 3344 964 3380 breaks
980 3345 1036 3380 off
1043 3345 1217 3391 abruptly,
1235 3344 1315 3381 four
1328 3344 1417 3381 lines
1433 3344 1505 3380 and
1519 3356 1542 3380 a
1557 3343 1749 3389 halfbeing
1762 3342 1826 3379 lest
1841 3348 1970 3379 vacant
1984 3348 2023 3378 nt
2036 3341 2099 3378 the
2114 3342 2250 3378 bottom
2267 3341 2310 3378 of
2319 3354 2341 3378 a
2355 3354 2454 3389 page.
