2904 3886
573 500 670 567 222
1031 497 1600 566 CHRONICADE
1650 498 2038 566 MAI-LROS.
2197 503 2331 571 A..D
2374 505 2514 555 1264.

638 730 660 751 ⁸
698 721 850 770 ΑΝΝο
884 720 1079 789 Domini
1111 719 1377 785 M.cc.lxiiij.
1411 718 1634 785 completi
1669 721 1775 770 sunt
1809 723 1921 772 anni
1940 707 1944 710 ’
1954 724 2059 790 post
2088 725 2426 777 fundacionem
2459 728 2519 777 de

575 802 756 851 Melros
779 801 883 867 vju.
910 808 958 849 et
981 801 1124 867 vij.;x
1147 807 1195 849 et
1225 800 1330 866 post
1358 799 1633 849 marterium
1662 801 1814 851 san&i
1841 795 2030 854 Thome
2054 805 2180 872 iiijxx.
2206 814 2255 856 et
2277 807 2384 874 xij.;
2400 830 2402 832 ’
2418 808 2521 874 post

574 882 843 948 captionem
871 881 952 930 W.
979 881 1105 947 regis
1135 881 1634 952 Scottorumlexxixss
1670 882 1775 948 post
1804 882 1981 934 bellum
2014 885 2142 951 apud
2172 886 2410 936 Standard
2434 897 2519 936 vu.

573 981 642 1020 v.;
676 962 780 1028 post
801 962 1099 1011 nativitatem
1126 961 1388 1010 Alexandri
1412 962 1538 1028 regis
1560 962 1679 1019 lxv.;
1715 970 1764 1012 et
1786 963 1887 1030 liiij.
1914 981 2066 1015 annus
2090 965 2151 1014 ad
2175 966 2346 1015 festum
2369 967 2519 1016 saneti

574 1042 744 1092 Jacobi
780 1042 849 1091 est
883 1043 1147 1108 completus
1178 1042 1429 1108 postquam
1465 1042 1547 1091 W.
1584 1060 1666 1091 rex
1704 1044 1975 1093 Scottorum
2010 1046 2203 1095 tradidit
2237 1047 2356 1096 filias
2391 1049 2520 1102 suas:

572 1123 677 1190 post
700 1122 1075 1172 combustionem
1099 1123 1158 1172 de
1186 1122 1426 1172 Rokeberi
1456 1130 1505 1171 et
1531 1122 1713 1185 Berwic
1737 1124 1884 1190 xlvij.²

642 1192 786 1253 Anno
813 1204 1013 1253 Domini
1038 1203 1347 1269 M⁰.cc⁰.lxxj⁰.
1372 1202 1507 1268 yems
1531 1202 1665 1269 asper
1702 1242 2071 1255 ........
2075 1215 2094 1236 ³

643 1285 787 1334 Anno
831 1284 1027 1334 Domini
1067 1293 1240 1333 M⁰.cc⁰.
1283 1282 1626 1349 septuagesimo
1668 1284 1890 1342 secundo,
1932 1287 2028 1352 xiij.
2071 1288 2300 1337 kalendas
2344 1288 2520 1354 Aprilis

580 1365 728 1431 [Mar.
755 1365 861 1431 20]‚
892 1373 1033 1414 natus
1058 1365 1126 1414 est
1151 1363 1343 1413 Dauidb
1376 1364 1500 1412 filius
1532 1364 1658 1429 regis
1685 1363 1946 1414 Alexandri
1979 1367 2104 1415 circa
2135 1368 2335 1433 primam
2366 1369 2521 1417 ηοᾶὶίε

575 1445 757 1502 horam,
783 1445 911 1511 apud
949 1482 1315 1494 ........
1320 1453 1338 1472 ⁰

643 1526 788 1574 Anno
826 1525 1026 1574 Domini
1064 1517 1443 1589 M⁰.cc⁶.lxxiiij⁰.,
1482 1524 1599 1572 obiit
1636 1525 1713 1589 pie
1749 1526 1976 1574 memorie
2006 1535 2054 1575 et
2086 1528 2248 1576 sancte
2281 1531 2522 1577 conversa-

574 1606 715 1654 tionis
750 1606 983 1671 dompnus
1010 1604 1242 1653 Ricardus
1278 1603 1427 1652 abbas
1459 1604 1518 1652 de
1555 1603 1629 1652 K.
1649 1604 1779 1661 .llos,
1814 1606 1942 1671 apud
1970 1606 2136 1656 W’are
2168 1608 2215 1656 in
2243 1608 2437 1674 Anglia,
2474 1610 2521 1656 in

576 1686 738 1752 vigilia
761 1686 911 1734 sancti
939 1685 1136 1734 Dionifii
1166 1685 1315 1750 [Mar.
1346 1684 1427 1750 ll]
1456 1685 1503 1733 in
1536 1684 1690 1733 reditu
1714 1686 1795 1733 suo
1821 1703 1880 1735 ex
1905 1687 2113 1752 capitulo
2137 1689 2364 1754 generali,
2389 1689 2524 1754 cujus

577 1784 746 1833 corpus
772 1766 899 1832 apud
927 1765 1240 1814 Wardoniam
1270 1767 1326 1813 in
1349 1766 1592 1814 dominica
1607 1767 1774 1830 prima
1798 1766 2017 1831 Aprilis-‘¹
2044 1766 2185 1834 [Apr.
2218 1768 2264 1834 1]
2307 1807 2521 1817 .....

578 1847 787 1913 ejusdem
805 1848 896 1896 loci
917 1864 1026 1896 cum
1044 1846 1207 1895 debita
1230 1846 1501 1895 reverencia
1519 1846 1793 1902 tumulatur,
1814 1847 1861 1894 in
1881 1847 2016 1912 cujus
2034 1848 2140 1897 loco
2163 1848 2382 1897 Andreas
2400 1850 2524 1915 prior

578 1928 637 1976 de
670 1927 919 1984 Neubotil,
952 1927 1195 1993 quondam
1225 1927 1350 1992 prior
1382 1927 1442 1975 de
1470 1926 1759 1983 Pluscardin,
1793 1927 1968 1976 ordinis
2229 1929 2523 1995 subrogatur,

578 2017 625 2057 et
649 2010 697 2058 in
721 2009 882 2075 vigilia
906 2008 1159 2074 epiphanie
1188 2007 1238 2072 [J
1243 2025 1319 2056 an.
1346 2008 1398 2073 5]
1428 2025 1589 2056 curam
1614 2008 1876 2056 animarum
1902 2008 1961 2057 de
1991 2007 2036 2057 K
2054 2047 2064 2057 .
2082 2009 2128 2056 ll’
2156 2009 2401 2075 su[scepit]
2433 2048 2442 2058 .
2472 2048 2482 2058 .
2512 2048 2522 2057 .

579 2090 622 2137 ei
647 2090 749 2155 erig
766 2127 777 2138 .
797 2127 808 2138 .
826 2097 899 2137 tur
925 2096 972 2138 et
1003 2089 1051 2137 in
1076 2088 1218 2136 choro
1244 2088 1454 2153 ejusdem
1482 2088 1574 2136 loci
1600 2106 1629 2136 a
1652 2096 1786 2153 patre
1819 2088 1994 2137 abbate
2021 2091 2116 2153 dap
2143 2127 2153 2138 .
2183 2127 2194 2137 .
2222 2127 2233 2138 .
2266 2107 2324 2154 op
2352 2128 2522 2138 .....

579 2170 761 2235 ingenti
790 2169 995 2235 [l]eticia
1019 2169 1293 2217 installatur.
1368 2168 1495 2224 Quia
1521 2185 1549 2216 a
1572 2175 1643 2216 ter
1664 2206 1674 2216 .
1698 2206 1708 2216 .
1732 2206 1742 2216 .
1766 2206 1776 2216 .
1798 2168 1857 2216 de
1883 2169 1913 2216 d
1934 2206 2150 2217 .......
2182 2170 2394 2234 proceffit
2418 2171 2524 2218 talis

582 2250 794 2298 electi&

649 2330 792 2379 Anno
827 2330 1022 2379 Domini
1059 2329 1332 2384 M.cc.lxxv.,
1370 2328 1447 2393 pie
1485 2327 1831 2376 recordacionis
1869 2336 1916 2377 ct
1953 2329 2115 2377 sancte
2154 2331 2525 2379 conversacionis

582 2411 815 2477 dompnus
837 2410 1098 2466 Wallevus,
1125 2409 1274 2458 abbas
1299 2409 1358 2457 de
1385 2408 1633 2464 Neubotil,
1659 2409 1783 2456 viam
1807 2409 2017 2457 universe
2043 2410 2196 2458 carnis
2222 2411 2524 2477 aggrediens,

581 2493 627 2540 in
663 2493 844 2540 summa
875 2508 994 2557 pace
1028 2498 1075 2539 et
1112 2490 1235 2538 statu
1267 2489 1446 2554 optimo
1485 2505 1629 2553 quam
1667 2488 1975 2554 spiritualium
2013 2506 2157 2554 quam
2194 2492 2526 2556 temporalium

583 2572 723 2620 domo
748 2578 1072 2638 permanente,
1096 2570 1223 2619 felici
1249 2570 1378 2618 exitu
1409 2569 1628 2635 migravit
1653 2569 1715 2617 ad
1742 2568 2018 2625 Dominum,
2045 2587 2170 2618 anno
2194 2571 2434 2636 regiminis
2459 2573 2525 2620 sui

583 2654 729 2702 tercio
752 2654 840 2719 iij0.
865 2670 1015 2701 nonas
1042 2651 1287 2700 Februarii
1315 2649 1455 2716 [Feb.
1483 2649 1556 2715 3],
1582 2650 1716 2715 cujus
1741 2666 1911 2715 corpus
1935 2667 2043 2698 cum
2068 2650 2230 2699 debita
2258 2653 2527 2701 reverencia

584 2743 717 2800 patre
753 2733 928 2782 abbate
963 2732 1206 2788 existente,
1237 2731 1399 2797 vigilia
1433 2729 1627 2796 Agathe
1658 2730 1850 2795 virginis
1886 2738 1933 2779 et
1967 2731 2168 2779 martiris
2204 2731 2345 2797 [Feb.
2371 2732 2423 2798 4]
2460 2733 2528 2781 est

585 2813 904 2864 tumulatum.f

647 2983 663 2997 ¹
693 2982 773 3018 The
789 2981 966 3028 following
981 2981 1080 3016 short
1096 2981 1243 3022 notices,
1263 2979 1383 3027 nearly
1395 2979 1551 3021 defaecd,
1572 2979 1643 3015 and
1658 2985 1723 3014 not
1738 2978 1904 3014 included
1919 2979 1955 3014 in
1972 2978 2035 3014 the
2051 2978 2179 3014 former
2195 2978 2339 3020 edition,
2359 2990 2418 3014 are
2435 2985 2528 3013 tran-

585 3039 720 3074 scribed
735 3039 823 3074 from
840 3039 980 3074 various
996 3038 1099 3073 solios
1117 3037 1158 3073 of
1168 3037 1230 3072 the
1247 3037 1473 3083 manuscript,
1486 3036 1606 3071 where
1622 3035 1708 3082 they
1725 3035 1816 3071 have
1832 3037 1923 3071 been
1940 3035 2085 3072 entered
2102 3035 2188 3071 with
2205 3047 2227 3070 a
2242 3035 2342 3082 style,
2361 3034 2529 3081 probably

585 3106 623 3129 as
639 3095 874 3136 memoranda,
893 3101 931 3129 to
948 3095 993 3130 be
1010 3094 1212 3129 afterwards
1228 3093 1416 3129 extended.
1452 3110 1454 3113 ·
1590 3091 1606 3112 '
1634 3092 1667 3127 It
1684 3091 1752 3127 has'
1765 3093 1856 3127 been
1873 3091 2053 3139 originally
2068 3092 2153 3138 viij„
2172 3092 2237 3127 but
2251 3091 2314 3126 the
2330 3090 2398 3126 last
2414 3089 2457 3125 os
2466 3090 2528 3125 the

585 3151 759 3185 numerals
776 3150 840 3186 has
856 3151 946 3186 been
963 3150 1084 3186 struck
1099 3149 1252 3196 through
1269 3149 1355 3185 with
1372 3148 1434 3184 the
1450 3159 1532 3195 pen,
1552 3148 1759 3195 apparently
1775 3147 1818 3183 of
1827 3147 1889 3184 the
1906 3147 2049 3194 original
2065 3147 2189 3183 scribe.
2381 3145 2395 3160 ⁸
2426 3146 2528 3181 From

585 3206 646 3241 sol.
668 3208 723 3246 13,
741 3206 777 3241 b.
955 3207 1035 3251 (44)
1061 3205 1076 3220 ⁸
1105 3206 1210 3241 From
1226 3205 1287 3240 fol.
1307 3208 1365 3241 62.
1545 3203 1561 3224 b
1590 3204 1656 3239 His
1673 3204 1792 3246 death,
1811 3203 1847 3238 in
1867 3206 1971 3245 1280,
1990 3203 2020 3239 is
2036 3201 2240 3239 mentioned
2255 3203 2302 3249 by
2321 3202 2472 3243 Fordun,
2492 3203 2526 3238 ii.

588 3262 672 3301 124;
708 3262 882 3308 Wyntmm,
902 3261 925 3296 i.
944 3263 1026 3296 392.
1259 3260 1274 3276 ’·“
1304 3260 1385 3296 The
1401 3272 1504 3296 name
1521 3259 1564 3295 of
1574 3260 1636 3295 the
1651 3259 1847 3306 birthplace
1862 3259 1892 3295 is
1908 3265 1974 3294 not
1988 3258 2084 3294 filled
2099 3269 2148 3305 up
2168 3258 2206 3293 in
2221 3257 2284 3294 the
2300 3259 2526 3305 manuscript.

589 3316 726 3364 Copied
739 3316 905 3366 fromqsol.
924 3319 982 3357 59,
1001 3317 1036 3351 b.
1229 3316 1253 3365 ‘¹¹
1275 3315 1355 3352 The
1370 3316 1513 3361 reading
1528 3315 1571 3350 os
1581 3314 1644 3350 the
1660 3315 1775 3362 words
1792 3314 1877 3362 here
1892 3314 2032 3362 printed
2047 3314 2084 3349 in
2099 3313 2212 3350 italien
2227 3313 2257 3350 is
2274 3313 2445 3356 doubtful,
2466 3315 2529 3350 the

586 3372 801 3418 manuscript
815 3371 919 3418 being
934 3371 1041 3406 much
1057 3369 1213 3407 desaced.
1361 3370 1376 3386 ⁰
1405 3371 1508 3406 From
1525 3369 1586 3406 fol.
1605 3372 1664 3405 51.
1810 3368 1825 3390 Υ
1851 3369 1955 3405 From
1970 3369 2032 3405 fol.
2050 3371 2110 3411 59,
2129 3370 2165 3406 b.
