2846 3874
165 3165 226 3201 fol.
246 3167 303 3199 31.
323 3165 357 3199 b.

422 469 554 519 AD.
598 474 738 518 1215.
893 469 1318 519 CHRONICA
1363 469 1464 518 DE
1510 467 1892 518 MAILROS.
2273 472 2358 515 121

416 619 625 660 ceterum
645 611 843 661 abbates
861 618 909 660 et
924 611 1103 677 priores
1121 611 1242 660 ultra
1266 611 1596 677 ossingentos3
1622 609 2095 675 archiepiscoporum,
2121 607 2359 672 episcopo-

416 707 534 746 rum,
560 691 803 748 abbatum,
828 691 1050 757 priorum,
1075 691 1388 757 capitulorum
1420 690 1683 740 absentium
1712 705 1808 737 non
1839 688 1929 737 fuit
1953 695 2108 737 certus
2138 704 2360 736 numerus

416 770 807 836 comprehensus3
842 771 1110 836 legatorum
1133 787 1244 819 vero
1268 770 1394 836 regis
1423 770 1582 819 Sicilie
1607 770 1654 818 in
1678 769 2011 834 imperatorem
2037 767 2359 816 Romanorum

416 851 574 906 electi,
610 850 904 916 imperatoris
943 849 1391 915 Constantinopolis,
1426 850 1552 914 regis
1589 848 1804 904 Francie,
1840 848 1966 914 regis
2004 846 2197 914 Anglie,
2233 848 2358 913 regis

417 929 682 996 Hungarie,
719 931 844 996 regis
878 929 1250 984 Ierosolimitani,
1286 929 1412 994 regis
1451 928 1598 992 Cipri,
1634 928 1760 992 regis
1797 927 2042 993 Aragonie
2078 935 2125 975 et
2160 927 2358 975 aliorum

414 1010 676 1075 principum
705 1017 753 1057 et
783 1016 1078 1074 magnatum,
1104 1008 1346 1056 civitatum
1370 1015 1419 1055 et
1454 1007 1652 1055 aliorum
1675 1007 1878 1054 virorum
1902 1014 2000 1054 tam
2032 1007 2200 1071 ingens
2225 1006 2357 1055 affuit

411 1089 677 1145 multitudo,
702 1096 753 1136 ut
777 1105 859 1153 pre
889 1088 1035 1136 nimia
1058 1086 1358 1135 multitudine
1373 1093 1707 1151 magnatorum
1734 1086 1982 1150 episcopus
2001 1086 2196 1150 quidam
2220 1086 2354 1134 suffo-

414 1176 547 1216 catus
572 1168 814 1233 expiravit.
889 1166 1032 1223 Quod
1056 1183 1164 1214 cum
1189 1166 1251 1214 ad
1275 1183 1413 1214 aures
1437 1165 1613 1213 domini
1638 1182 1761 1230 pape
1787 1164 2057 1220 devenisset,
2076 1165 2251 1230 juravit
2276 1183 2357 1230 per

411 1248 626 1296 sanctum
654 1247 863 1303 Petrum,
889 1246 1018 1311 quod
1041 1246 1333 1306 mausoleum
1358 1246 1460 1310 ejus
1483 1244 1642 1310 lapide
1666 1261 1933 1292 marmoreo
1959 1243 2234 1309 fignaretur.

476 1328 568 1392 xvj.
594 1326 824 1375 kalendas
850 1325 1137 1374 Novembris
1179 1325 1313 1391 [Oct.
1358 1326 1438 1390 17]
1476 1324 1720 1372 combusta
1753 1324 1820 1372 est
1860 1341 1956 1372 una
1987 1324 2047 1371 de
2085 1324 2356 1372 melioribus

408 1407 619 1473 grangiis
644 1407 702 1455 de
724 1407 901 1471 Cupro,
919 1406 1060 1454 blado
1084 1406 1242 1471 plena,
1268 1413 1315 1453 et
1339 1405 1639 1471 grangiarius
1664 1405 1913 1452 conversus
1938 1404 1985 1451 in
2010 1420 2083 1460 ea,
2103 1420 2187 1468 per
2210 1404 2357 1468 negli-

409 1488 623 1552 gentiam
648 1487 787 1535 unius
813 1486 1011 1534 candele
1034 1486 1159 1534 male
1183 1485 1354 1533 defixe.

474 1567 586 1631 xiiij.
626 1566 855 1614 kalendas
886 1565 1172 1613 Novembris
1213 1565 1348 1630 [Oct.
1374 1564 1453 1629 19]
1487 1563 1779 1619 Alexander,
1806 1563 1882 1611 dei
1915 1564 2069 1628 gratia
2101 1581 2182 1611 rex
2221 1564 2355 1612 Scot-

408 1654 578 1701 torum,
617 1663 724 1693 cum
761 1645 969 1693 exercitu
1005 1646 1086 1693 suo
1119 1645 1330 1692 universo
1363 1643 1605 1692 castellum
1645 1644 1704 1691 de
1732 1643 1952 1691 Norham
1978 1644 2104 1707 cepit
2128 1642 2355 1698 obfidere,

407 1725 536 1789 quod
561 1742 668 1774 cum
700 1742 783 1791 per
807 1725 1126 1790 quadraginta
1151 1724 1251 1772 dies
1275 1723 1537 1779 obsediffet,
1564 1723 1708 1771 nichil
1733 1723 1843 1770 inde
1868 1723 2131 1787 proficiens,
2156 1723 2216 1771 ab
2241 1723 2356 1770 obfi-

408 1804 547 1852 dione
574 1805 800 1853 cefl‘avit.0

473 1885 535 1949 xj.
575 1884 805 1932 kalendas
843 1883 1129 1932 Novembris
1172 1883 1306 1949 [Oct.
1333 1884 1418 1948 22]
1457 1884 1583 1948 cepit
1622 1883 1839 1931 dominus
1868 1882 1928 1930 A.
1964 1899 2044 1930 rex
2086 1882 2353 1930 Scottorum

406 1963 684 2028 humagium
709 1963 940 2011 baronum
965 1963 1024 2011 de
1050 1963 1103 2011 N
1105 1963 1394 2012 orthumbria
1419 1963 1547 2028 apud
1575 1962 1859 2011 Feltuniam.

472 2042 643 2090 Nonas
683 2041 972 2091 Novembris
1009 2042 1160 2106 [Nov.
1188 2043 1239 2108 5]
1280 2043 1395 2091 obiit
1437 2042 1682 2107 Philippus
1721 2041 1780 2089 de
1808 2041 2038 2096 Valoniis,
2071 2042 2355 2088 camerarius

407 2122 583 2170 domini
613 2122 841 2170 Willelmi
876 2122 1002 2187 regis
1032 2122 1319 2178 Scottorum,
1355 2122 1436 2187 qui
1469 2122 1597 2186 apud
1634 2120 1813 2169 Melros
1846 2120 2030 2168 delatus
2066 2120 2112 2167 in
2149 2120 2354 2184 capitulo

406 2201 745 2250 monachorum
769 2201 1025 2249 honorifice
1051 2201 1119 2249 est
1142 2201 1417 2250 tumulatus.

474 2280 661 2329 Eodem
704 2298 829 2328 anno
865 2281 912 2328 in
958 2280 1165 2345 capitulo
1207 2281 1420 2346 generali
1462 2280 1691 2335 Cistercii,
1739 2280 1972 2344 dompnus
2012 2279 2159 2344 Hugo
2208 2279 2355 2327 abbas

407 2360 467 2408 de
493 2360 719 2408 Melros⁰⁰
750 2362 832 2408 suo
857 2360 984 2408 ceffit
1017 2360 1188 2416 officio,
1215 2360 1290 2408 cui
1326 2360 1534 2409 succeffit
1559 2360 1792 2425 dompnus
1820 2359 2087 2408 Willelmus
2111 2358 2259 2406 abbas
2296 2360 2354 2406 de

410 2438 756 2495 Holmcultran,
781 2440 874 2505 xvj.
900 2439 1132 2488 kalendas
1161 2439 1443 2489 Decembris
1472 2439 1621 2505 [Nov.
1653 2439 1754 2504 16].

476 2518 686 2567 Profecti
721 2520 825 2567 sunt
861 2519 921 2567 de
952 2519 1115 2567 Scotia
1148 2519 1210 2567 ad
1245 2520 1424 2568 curiam
1450 2519 1732 2574 Romanam,
1769 2518 2004 2584 generalis
2029 2518 2214 2565 concilii
2249 2534 2353 2581 gra-

407 2598 488 2653 tia,
542 2597 774 2662 dompnus
803 2598 884 2646 W.
920 2597 1255 2654 Maleuicinus,
1302 2599 1551 2664 episcopus
1596 2598 1747 2646 sancti
1791 2597 2000 2652 Andree,
2037 2604 2085 2644 et
2120 2596 2352 2660 dompnus

413 2676 670 2732 Walterus,
694 2676 938 2741 episcopus
965 2677 1300 2742 Glasguienfis,
1325 2685 1373 2726 et
1405 2677 1638 2742 dompnus
1665 2677 1863 2732 Bricius,
1890 2676 2134 2740 episcopus
2161 2675 2352 2723 Moreu-

410 2755 544 2810 ensis,
570 2763 618 2803 et
644 2755 877 2819 dompnus
911 2754 1164 2812 Henricus,
1189 2756 1338 2805 abbas
1362 2756 1422 2804 de
1450 2757 1658 2812 Kelce03
1684 2772 1883 2820 quorum
1908 2755 2018 2810 duo,
2043 2755 2216 2802 scilicet
2240 2755 2355 2819 epis-

411 2851 556 2899 copus
583 2834 892 2890 Moreuenfis,
925 2842 973 2882 et
1009 2834 1159 2883 abbas
1187 2835 1494 2891 Kelcoienfis,
1529 2835 1660 2883 finito
1693 2834 1893 2882 concilio
1930 2834 1977 2881 in
2007 2833 2218 2882 Scotiam
2252 2834 2355 2881 sunt

411 2913 591 2969 reverfi,
615 2913 917 2979 Glasguenfis
942 2921 1103 2962 autem
1121 2914 1366 2979 episcopus
1390 2914 1438 2962 in
1463 2931 1587 2962 anno
1611 2914 1717 2978 iij0.,
1743 2913 1960 2961 dominus
1977 2929 2088 2961 vero
2107 2913 2353 2978 episcopus

410 2993 560 3042 sancti
587 2992 780 3041 Andree
804 2994 852 3042 in
876 2993 1104 3058 principio
1129 2993 1211 3058 iiij.
1239 2994 1349 3041 anni
1373 2993 1660 3058 repatriavit.
1725 2992 1886 3041 Ceteri
1910 3008 2020 3041 vero
2044 2992 2225 3057 praelati
2250 3008 2352 3057 per-

411 3071 629 3121 sonaliter
656 3072 859 3120 Romam
882 3089 978 3120 non
1002 3072 1220 3120 adierunt
1242 3072 1323 3121 sed
1345 3072 1532 3137 legatos
1555 3073 1662 3120 suos
1685 3072 1925 3120 miserunt.

478 3151 624 3214 Anno
649 3152 826 3200 domini
850 3151 1094 3217 M.cc.xvj.,
1112 3153 1271 3201 mense
1290 3151 1319 3201 J
1323 3151 1534 3207 anuario,
1559 3151 1692 3199 facta
1715 3150 1783 3199 est
1806 3150 1854 3198 in
1871 3149 2214 3199 Northumbria
2239 3159 2286 3200 et
2310 3152 2357 3199 in

455 3245 670 3335 daim-dun,
689 3245 724 3281 ii.
744 3248 808 3286 35;
836 3245 894 3280 M.
916 3246 1027 3286 Paris,
1047 3257 1082 3291 p.
1106 3247 1184 3280 191.
1378 3244 1411 3261 ⁶⁶
1442 3245 1484 3280 In
1502 3244 1645 3290 margin,
1668 3249 1692 3264 “
1705 3244 1775 3279 xiii.
1795 3219 1902 3279 abhas
1920 3222 1965 3279 de
1986 3243 2152 3285 Melros,”
2171 3244 2308 3280 written
2326 3245 2361 3279 in

416 3310 453 3334 re
493 3311 530 3335 m
560 3327 568 3335 .
1409 3308 1412 3310 ’

977 3378 1008 3414 Q
