2852 3874
179 2918 239 2954 fol.
259 2919 315 2957 27.
335 2919 369 2953 b.

442 473 573 524 A.D.
604 476 744 529 1207.
906 474 1332 527 CHRONICA
1376 477 1470 526 DE
1517 477 1897 528 MAILROS.
2282 487 2373 539 107

435 622 483 662 et
507 631 626 665 onus
650 632 813 664 eorum
837 615 923 664 erit
953 616 1001 664 in
1025 617 1256 666 solatium.
1326 616 1441 667 Non
1464 619 1651 668 modica
1678 620 1828 671 nubes
1856 621 2050 686 incipiet
2079 622 2256 687 pluere,
2289 624 2369 688 qui

434 702 575 743 natus
599 695 667 744 est
690 696 962 744 immutator
985 695 1178 745 seculi.”

504 772 638 822 Obiit
663 774 884 825 Vdardus
908 774 1058 825 abbas
1081 775 1142 824 de
1169 775 1381 841 Cupro,*
1407 784 1456 825 et
1482 776 1713 828 Ricardus
1736 778 1958 828 succeffit.

502 852 644 902 Anno
663 855 890 920 M.cc.viij.
909 853 1290 911 mense'Marcio,
1305 871 1379 904 xv.
1400 855 1567 905 diebus
1586 864 1696 906 ante
1713 857 1887 922 pascha
1909 858 2057 923 [Mar.
2078 859 2205 924 22]‚⁸
2227 860 2365 910 inter-

433 931 564 980 dicta
578 932 646 981 est
657 931 851 998 Anglia,
859 933 951 982 hac
965 933 1025 981 de
1040 949 1200 981 causa.
1214 933 1460 982 Defunc'to
1473 934 1798 984 Cantuarienfi
1813 937 2178 1003 archiepiscopo,
2195 939 2367 988 scilicet

436 1009 651 1060 Waltero
672 1011 907 1067 Huberto‚
925 1011 1058 1059 sacta
1081 1010 1150 1058 est
1167 1010 1377 1060 diffenfio
1395 1012 1516 1060 inter
1533 1029 1696 1078 regem
1714 1022 1761 1062 et
1779 1016 2036 1064 monachos
2054 1017 2113 1065 de
2132 1018 2366 1067 electione

432 1089 680 1153 pontificis,
716 1089 860 1138 alium
891 1105 1005 1154 rege
1039 1089 1183 1137 alium
1213 1090 1457 1138 monachis
1488 1091 1786 1155 eligentibus.
1861 1094 1985 1141 Cum
2018 1103 2176 1144 autem
2210 1098 2366 1161 plures

430 1167 768 1216 monachorum
791 1167 1016 1216 venissent
1037 1166 1239 1216 Romam
1262 1185 1347 1233 pro
1371 1169 1519 1217 caufis
1542 1169 1827 1235 singulorum
1852 1172 2126 1230 electorum,
2152 1177 2365 1240 apostoli-

430 1262 513 1294 cus
531 1245 855 1295 diffenfionem
873 1262 1037 1295 eorum
1062 1246 1258 1295 audiens
1277 1244 1466 1296 cassavit
1485 1248 1743 1298 electiones
1766 1249 2067 1315 singulorum,
2092 1254 2366 1318 praecipiens

430 1332 482 1372 ut
505 1324 565 1373 de
589 1341 712 1373 novo
738 1326 1015 1374 canonicam
1038 1327 1251 1374 facerent
1275 1326 1560 1376 electionem
1592 1344 1750 1376 coram
1782 1329 1896 1394 ipso,
1930 1338 1977 1379 et
2001 1331 2245 1397 elegerunt
2268 1350 2365 1381 ma-

428 1404 622 1469 gistrum
651 1405 946 1469 Stephanum
971 1405 1031 1453 de
1053 1404 1324 1471 Langetun,
1349 1414 1398 1454 et
1420 1406 1593 1472 scripfit
1615 1424 1699 1472 pro
1719 1425 1776 1456 eo
1800 1410 1901 1475 regi
1919 1410 2111 1475 AngHe,
2131 1428 2365 1460 commen-

430 1483 547 1532 dans
571 1485 614 1532 ei
646 1485 890 1549 personam
915 1485 1032 1550 ejus,
1057 1492 1110 1532 ut
1134 1502 1242 1533 eum
1274 1486 1517 1550 reciperet.
1591 1487 1695 1536 Rex
1727 1496 1886 1536 autem
1909 1490 2114 1554 graviter
2148 1490 2363 1546 offensus,

429 1570 530 1610 tum
561 1564 674 1628 quia
697 1563 871 1612 cassata
897 1564 964 1612 est
989 1564 1161 1612 eleetio
1187 1565 1289 1630 ejus
1313 1572 1413 1613 tum
1438 1566 1549 1630 quia
1579 1567 1799 1615 monachi
1824 1584 1942 1632 quos
1967 1569 2063 1633 ipse
2095 1570 2365 1634 promiserat

430 1650 594 1690 contra
630 1642 975 1707 promiflionem
1014 1643 1146 1691 suam
1183 1644 1410 1700 fecerant,
1443 1645 1619 1708 juravit
1656 1646 1784 1710 quod
1812 1663 2055 1711 nunquam
2086 1648 2363 1712 praediGtum

436 1720 732 1785 Stephanum
771 1723 1016 1787 reciperet.
1089 1722 1223 1787 Papa
1259 1740 1369 1771 vero
1407 1723 1487 1771 diu
1522 1724 1746 1780 sustinuit,
1785 1725 1987 1774 scribens
2025 1734 2072 1774 et
2113 1727 2363 1775 exhortans

429 1816 592 1865 regem
623 1801 703 1848 sed
731 1801 874 1849 nichil
909 1801 1168 1849 exortando
1192 1803 1420 1866 profecit3
1458 1803 1599 1858 unde,
1624 1802 1740 1851 ficut
1770 1805 2049 1869 praedictum
2081 1805 2163 1861 est,
2192 1813 2363 1855 terram

426 1880 557 1928 suam
580 1880 833 1935 interdixit,
858 1881 924 1927 ita
948 1887 1000 1927 ut
1023 1897 1112 1928 nec
1135 1881 1352 1945 privatim
1380 1898 1469 1929 nec
1491 1881 1679 1946 publice
1712 1890 1994 1938 cantaretur,
2020 1891 2067 1932 et
2090 1884 2156 1932 ita
2179 1885 2361 1933 fastum

427 1958 495 2006 est
518 1965 570 2006 ut
592 1974 682 2007 nec
704 1959 915 2007 morituri
940 1960 1319 2008 communionem
1341 1976 1430 2008 nec
1453 1961 1623 2008 mortui
1646 1960 1874 2009 haberent
1898 1962 2195 2027 sepulturam.

495 2035 629 2085 Obiit
656 2036 930 2102 Philippusb
956 2037 1319 2087 Dunhelmenfis
1344 2039 1604 2103 episcopus.

496 2115 670 2164 Clerici
694 2117 914 2164 timentes
939 2117 1064 2182 regis
1087 2117 1436 2181 tyrannidembb
1463 2117 1700 2166 Oxoniam
1731 2119 1830 2166 sere
1862 2135 2025 2167 omnes
2060 2120 2360 2185 reliquerunt,

426 2196 565 2260 pauci
591 2203 751 2244 autem
775 2203 1075 2244 remanentes
1098 2213 1193 2244 non
1222 2197 1370 2244 multo
1395 2204 1608 2262 tempore
1639 2197 1742 2261 post
1773 2205 1963 2262 propter
1988 2198 2249 2247 divinorum
2272 2200 2360 2246 sus-

426 2275 651 2339 pendium
675 2291 733 2323 ex
756 2282 858 2324 toto
881 2275 1040 2324 villam
1071 2275 1395 2325 interdicendo
1427 2276 1723 2331 recesserunt,
1749 2277 1919 2342 partim
1951 2278 2077 2342 apud
2104 2277 2360 2343 Radinges,

426 2354 597 2417 partim
623 2353 840 2403 Parifius.

495 2432 628 2481 Obiit
647 2433 879 2499 dompnus
897 2433 1128 2482 Ricardus
1143 2434 1291 2483 abbas
1310 2434 1369 2482 de
1388 2434 1652 2499 KelchOU,†
1673 2435 1747 2483 cui
1766 2434 1972 2483 succeffit
1990 2434 2223 2484 Henricus
2237 2437 2361 2499 prior

427 2510 636 2574 ejusdem
660 2511 843 2568 domus,
867 2528 942 2560 xv.
968 2512 1196 2562 kalendas
1220 2513 1333 2562 Julii
1363 2513 1494 2578 [Jun.
1526 2513 1625 2577 17].

427 2667 698 2716 dedicatum
722 2669 790 2716 est
813 2686 842 2717 a
870 2668 1139 2718 Willelmoc
1162 2671 1380 2736 episcopo
1404 2670 1553 2720 sancti
1580 2669 1788 2718 Andree.

495 2747 627 2795 Obiit
655 2747 927 2797 Gilebertus
950 2748 1191 2813 quondam
1210 2749 1358 2798 abbas
1386 2749 1446 2797 de
1473 2749 1699 2804 Alnewic,
1725 2750 1799 2796 cui
1831 2748 2036 2797 successit
2067 2750 2114 2797 in
2143 2765 2266 2797 anno
2290 2750 2356 2797 se-

426 2826 588 2891 quenti
624 2826 868 2875 Galfridus
904 2827 1052 2876 abbas
1087 2828 1146 2876 de
1184 2828 1402 2884 Driburc,
1434 2828 1482 2875 in
1514 2828 1647 2892 cujus
1676 2828 1781 2875 loco
1813 2828 1993 2876 electus
2028 2827 2095 2875 est
2126 2827 2357 2893 dompnus

430 2905 697 2954 Willelmus
721 2906 844 2970 prior
869 2905 930 2954 de
955 2906 1159 2955 Driburc
1182 2907 1230 2954 in
1255 2906 1477 2955 abbatem
1502 2906 1710 2970 ejusdem
1734 2906 1914 2954 domus.

496 2983 737 3032 Walterus
769 2985 951 3034 eleetus
978 2985 1312 3051 Glasguienfis,
1337 2985 1516 3050 quesita
1539 2985 1730 3033 licentia
1753 2985 1944 3050 dompni
1975 2983 2145 3050 pape,‡
2175 2985 2223 3033 in
2247 2986 2355 3034 sede

487 3085 568 3129 (33)
594 3083 609 3099 ⁸
630 3085 808 3132 Knyghton
830 3085 926 3131 gives
950 3085 1012 3121 the
1036 3097 1132 3121 same
1156 3086 1248 3128 date,
1276 3086 1342 3121 col.
1369 3087 1474 3121 2415.
1527 3085 1634 3131 Upon
1657 3085 1727 3121 this
1752 3084 1901 3132 dispute,
1929 3097 1988 3120 see
2013 3085 2072 3120 M.
2093 3086 2204 3127 Paris,
2223 3097 2259 3131 p.
2278 3088 2356 3120 155.

426 3140 442 3160 ⁶
471 3140 586 3186 Philip
604 3139 646 3175 of
659 3141 837 3182 Poictiers‚
857 3141 984 3187 bishop
1001 3141 1043 3176 of
1055 3141 1225 3183 Durham,
1253 3142 1334 3177 died
1351 3143 1430 3176 21st
1450 3141 1654 3186 September
1673 3142 1775 3176 1208.
1945 3139 1981 3161 ¹³¹²
2009 3141 2089 3176 The
2106 3152 2210 3176 cause
2227 3139 2270 3176 of
2287 3141 2356 3176 this

425 3207 505 3242 may
519 3196 564 3231 be
580 3207 665 3231 seen
681 3196 717 3230 in
734 3196 793 3231 M.
814 3197 926 3237 Paris,
945 3209 980 3243 p.
1003 3199 1082 3232 159.
1226 3197 1241 3212 ⁰
1271 3197 1424 3232 William
1444 3197 1641 3238 Malvoisin,
1659 3195 1786 3242 bishop
1802 3194 1844 3231 of
1857 3196 1898 3231 St
1917 3196 2099 3231 Andrews.
2272 3196 2297 3221 θ’
2318 3196 2359 3230 In

424 3251 487 3287 the
502 3252 633 3297 margin
650 3251 694 3286 of
702 3251 765 3286 the
781 3252 995 3298 manuscript
1012 3264 1070 3287 are
1087 3251 1202 3287 added
1213 3252 1275 3287 the
1292 3252 1418 3294 words,
1448 3257 1473 3272 “
1485 3252 1530 3297 vj.
1550 3252 1656 3287 abbas
1674 3252 1718 3286 de
1738 3251 1890 3297 Cupro.''
1927 3252 1947 3296 †
1966 3251 2008 3286 In
2024 3251 2086 3286 the
2102 3251 2233 3297 margin
2260 3256 2284 3271 ·‘
2297 3252 2357 3286 ab·

424 3307 487 3341 bas
505 3306 549 3342 de
568 3306 732 3342 Kelchou
749 3307 831 3353 vij.”
888 3308 908 3353 ss
928 3307 969 3342 In
985 3307 1047 3344 red
1064 3308 1262 3344 characters
1279 3319 1326 3344 on
1342 3307 1405 3344 the
1418 3307 1547 3353 margin
1575 3312 1599 3328 “
1615 3308 1876 3353 [consecr]atur
1892 3306 2078 3354 episcopus
2098 3306 2356 3353 GlasguensiS.”
