2846 3874
583 499 674 545 120
1025 494 1455 546 CHRONICA
1498 494 1599 544 DE
1648 495 2029 547 MAILROS.
2202 500 2505 550 A.D.1215.

559 638 678 686 tanti
703 636 974 685 discriminis
997 636 1227 701 impetum
1258 652 1367 684 cum
1401 651 1578 701 magno
1614 636 1825 700 periculo
1849 637 2112 686 evaserunt.
2182 637 2293 688 Nec
2314 639 2377 688 fic
2399 643 2500 707 qui-

563 717 687 771 dem,
713 724 763 763 ut
795 714 1011 770 creditur,
1037 714 1278 763 evaflffent
1311 713 1396 762 nisi
1427 714 1486 762 de
1522 722 1754 780 concepto
1789 715 1964 764 scelere
1998 717 2272 782 compunfiti
2307 717 2368 766 ab
2402 719 2501 784 ipso

562 796 642 859 qui
675 794 939 842 dominatur
973 793 1193 858 potestati
1227 793 1384 849 maris,
1422 793 1498 842 cui
1533 793 1709 842 scilicet
1742 810 1873 843 mare
1904 802 1953 843 et
1975 795 2103 843 venti
2127 794 2372 852 obediunt,
2402 804 2504 846 tota

561 873 712 921 cordis
737 873 1016 921 contritione
1040 873 1228 921 veniam
1263 872 1526 938 quefifl'ent.
1602 872 1726 921 Cum
1760 873 1964 922 lacrimis
1988 874 2114 923 enim
2145 882 2206 923 et¹
2227 874 2504 941 fingultibus

560 954 647 1000 iter
681 952 896 1001 sanctum
919 953 1076 1001 versus
1110 953 1430 1000 Ierosolimam
1465 952 1769 1008 devoverunt,
1807 961 1854 1001 et
1889 953 1936 1001 in
1968 970 2109 1002 carne
2143 954 2331 1019 propria
2354 955 2504 1004 crucis

559 1032 719 1080 sancte
744 1031 1036 1097 signaculum
1062 1031 1122 1080 ab
1147 1032 1347 1080 invicem
1371 1033 1684 1097 susceperunt.
1742 1032 1833 1080 Per
1857 1033 2016 1081 omnia
2040 1033 2321 1082 benedictus
2348 1033 2503 1090 Deus,

561 1112 642 1175 qui
674 1111 925 1160 incredulis
950 1119 997 1159 et
1022 1111 1264 1159 obstinatis
1287 1111 1506 1159 meritum
1530 1112 1809 1176 supplicium
1831 1128 1927 1159 non
1950 1113 2159 1178 negavit,
2185 1113 2504 1178 penitentibus

562 1207 670 1238 vero
696 1197 745 1238 et.
767 1191 953 1238 veniam
977 1190 1248 1256 petentibus
1271 1198 1452 1239 motum
1475 1190 1707 1239 fluctuum
1730 1191 1872 1239 maris
1895 1192 2153 1257 mitigavit!

630 1269 936 1318 Celebratum
977 1270 1045 1318 est
1086 1270 1335 1318 concilium
1381 1270 1606 1335 generale
1653 1270 1781 1335 apud
1824 1270 2027 1319 Romam
2067 1287 2150 1335 per
2185 1288 2259 1319 xv.
2304 1271 2405 1320 dies
2444 1272 2504 1319 ad

561 1349 787 1398 kalendas
813 1349 1127 1397 Novembris⁸
1155 1349 1305 1414 [Nov.
1337 1349 1410 1414 l];
1447 1350 1494 1396 in
1527 1366 1623 1414 quo
1649 1350 1848 1397 concilio
1871 1350 2021 1398 multa
2052 1350 2113 1398 ad
2145 1351 2505 1415 extirpationem

562 1429 779 1476 vitiorum
804 1437 851 1477 et
876 1429 1242 1477 destructionem
1265 1429 1595 1484 hereticorum,
1615 1428 1676 1476 ad
1701 1429 2104 1477 confirmationem
2128 1430 2272 1477 etiam
2295 1430 2505 1478 fidelium

563 1516 611 1555 et
631 1508 1009 1557 emendationem
1035 1524 1234 1563 morum,
1260 1507 1437 1571 Spiritu
1460 1507 1624 1555 san&o
1649 1507 1917 1571 inspirante,
1937 1509 2041 1555 sunt
2060 1508 2326 1556 constituta.
2379 1508 2506 1556 Inter

563 1605 656 1651 que
682 1588 823 1635 etiam
842 1587 1067 1635 statutum
1087 1587 1153 1634 est
1178 1586 1470 1651 approbante
1490 1587 1619 1634 sacro
1639 1587 1855 1641 concilio,
1875 1594 1922 1634 et
1948 1587 2230 1635 auctoritate
2251 1586 2507 1652 apostolica

563 1666 754 1713 firmiter
789 1674 1077 1731 praeceptum
1106 1665 1188 1721 est,
1214 1672 1266 1713 ut
1302 1665 1362 1712 ad
1397 1664 1648 1712 subsidium
1682 1665 1844 1713 sancte
1880 1673 2002 1714 terre
2038 1682 2202 1714 omnes
2233 1666 2424 1714 omnino
2459 1667 2506 1714 in

565 1745 769 1793 ecclesiis
794 1745 1076 1801 beneficiati,
1101 1752 1200 1792 tam
1224 1743 1395 1792 subditi
1421 1761 1565 1810 quam
1594 1745 1775 1809 praelati
1799 1744 2065 1793 vicefimam
2088 1752 2271 1810 partem
2296 1746 2506 1794 omnium

564 1824 980 1873 ecclesiasticorum
1003 1831 1316 1890 proventuum
1339 1841 1423 1889 per
1441 1823 1728 1888 subsequens
1746 1824 1998 1873 triennium
2021 1825 2205 1890 integre
2225 1826 2505 1880 conferrent,

565 1922 647 1968 per
684 1921 852 1953 manus
889 1921 1051 1953 eorum
1086 1921 1206 1969 quos
1239 1904 1299 1951 ad
1335 1903 1427 1951 hoc
1459 1920 1577 1968 opus
1616 1903 1871 1968 apostolica
1910 1903 2158 1968 affignaret
2193 1904 2503 1969 providentia,

565 1984 773 2048 exceptis
806 1984 1085 2048 quibusdam
1115 1982 1341 2048 religiofis
1370 1991 1417 2030 et
1447 1983 1536 2031 hiis
1561 1983 1642 2047 qui
1674 1983 1977 2047 personaliter
2008 1983 2056 2030 in
2088 1991 2261 2031 terram
2291 1984 2503 2031 sanctam

565 2062 708 2110 essent
740 2063 1012 2127 profecturi.
1086 2062 1190 2127 Ipse
1223 2069 1382 2109 autem
1407 2061 1623 2110 dominus
1647 2078 1773 2126 papa
1797 2069 1844 2109 et
1868 2078 2032 2110 omnes
2055 2062 2333 2117 cardinales,
2364 2079 2424 2110 ne
2456 2063 2502 2110 in

566 2141 784 2189 humeros
810 2142 1006 2189 aliorum
1040 2141 1219 2188 honera
1249 2140 1549 2205 inportabilia
1583 2141 1809 2205 inponere
1833 2141 2116 2197 viderentur,
2142 2141 2375 2189 decimam
2406 2158 2503 2189 om-

566 2221 695 2268 nium
720 2228 1031 2284 proventuum
1054 2221 1241 2268 suorum
1264 2220 1596 2284 persolverunt.
1659 2219 1834 2268 Praeter
1857 2219 1947 2268 hec
1971 2220 2114 2268 etiam
2138 2220 2355 2269 dominus
2378 2237 2504 2286 papa

566 2300 759 2364 triginta
779 2300 925 2347 millia
946 2300 1170 2347 librarum
1189 2315 1327 2347 cruce
1342 2298 1534 2364 fignatis
1559 2298 1816 2364 aflignavit,
1842 2306 1889 2347 et
1908 2315 1966 2347 ex
1990 2299 2083 2347 alia
2096 2307 2230 2365 parte
2255 2300 2339 2364 iija.
2359 2300 2506 2348 millia

567 2395 844 2427 marcarum.
918 2379 1214 2443 Praeceptum
1239 2378 1306 2426 est
1330 2378 1474 2426 etiam
1500 2385 1550 2426 ut
1582 2395 1705 2426 anno
1730 2378 1935 2426 secundo
1959 2379 2188 2443 sequenti,
2213 2379 2261 2426 id
2286 2379 2353 2427 est
2381 2396 2505 2427 anno

569 2457 627 2504 ab
660 2458 981 2506 incarnatione
1014 2458 1189 2506 domini
1224 2457 1548 2522 M⁰.cc⁰.xvij⁰.,
1573 2473 1737 2506 omnes
1761 2474 1900 2506 cruce
1924 2458 2088 2506 samsta
2110 2457 2279 2524 fignati
2311 2457 2372 2507 ab
2406 2458 2506 2507 uni-

568 2536 706 2585 verfis
740 2538 903 2585 mundi
938 2537 1148 2603 partibus
1184 2536 1461 2602 congregati
1496 2536 1544 2584 in
1579 2536 1808 2585 kalendas
1842 2536 1972 2585 Junii
2013 2536 2145 2600 [Jun.
2188 2537 2235 2602 1]
2274 2538 2322 2586 in
2359 2554 2507 2603 regno

574 2617 809 2680 Sicilicieb
834 2617 1167 2665 adunarentur.
1238 2615 1518 2664 Notandum
1543 2615 1687 2664 etiam
1718 2615 1848 2681 quod
1878 2616 1926 2664 in
1951 2616 2120 2664 eodem
2144 2617 2359 2673 concilio,
2391 2633 2507 2682 prae-

570 2697 746 2745 fidente
782 2697 973 2744 domino
1008 2694 1145 2762 papa'
1169 2695 1447 2744 Innocentio
1481 2695 1586 2760 iij⁰.,
1621 2695 1922 2760 pontificatus
1955 2696 2024 2744 sui
2066 2712 2190 2744 anno
2225 2696 2390 2761 xviij⁰.,
2426 2695 2506 2760 qui

576 2777 964 2825 Constantiniano
983 2777 1166 2832 dicitur,
1191 2777 1381 2824 fuerunt
1400 2775 1605 2840 episcopi
1630 2791 1755 2823 cccc.
1777 2781 1824 2823 et
1847 2774 1944 2839 xij„
1969 2775 2089 2823 inter
2113 2792 2232 2840 quos
2256 2775 2508 2823 extiterunt

572 2857 631 2904 de
662 2856 908 2921 praecipuis
938 2855 1213 2921 patriarchis
1236 2855 1306 2920 ij0.
1331 2854 1551 2903 videlicet
1578 2853 2128 2919 Constantinopolitanus
2159 2862 2207 2903 et
2234 2853 2506 2903 Ierosolimi-

572 2943 725 2991 tanus,
753 2935 1078 2984 Antiochenus
1102 2942 1261 2983 autem
1291 2934 1422 3000 gravi
1436 2934 1665 3000 languore
1689 2933 1908 2982 detentus
1930 2950 2027 2982 non
2049 2934 2204 2999 potuit
2226 2934 2401 2988 venire,
2425 2931 2505 2980 sed

573 3015 691 3062 mifit
713 3032 796 3079 pro
820 3016 868 3063 se
886 3015 1110 3063 vicarium
1132 3016 1265 3063 suum
1286 3013 1648 3062 Antidorensem
1666 3013 1953 3079 episcopum,
1975 3011 2322 3061 Alexandrinus
2345 3017 2505 3058 autem

574 3093 656 3140 sub
686 3094 1028 3143 Saracenorum
1053 3094 1260 3143 dominio
1284 3093 1577 3148 constitutus,
1611 3093 1727 3141 fecit
1757 3092 1887 3157 quod
1917 3091 2086 3157 potuit,
2103 3097 2105 3099 ’
2121 3090 2310 3138 mittens
2341 3105 2425 3154 pro
2456 3089 2503 3136 se

578 3188 855 3236 germanum
901 3174 1034 3222 suum
1081 3173 1346 3222 diaconem.
1441 3172 1673 3220 Primates
1704 3177 1864 3220 autem
1895 3177 1943 3219 et
1978 3167 2327 3233 metropolitani
2373 3167 2502 3222 lxxi„

624 3279 704 3323 (35)
722 3276 737 3292 ⁸
759 3277 838 3353 Τὶὲθ
857 3278 1004 3314 Council
1016 3279 1057 3315 of
1064 3279 1215 3315 Later-an
1227 3289 1299 3314 was
1315 3277 1400 3314 held
1413 3276 1502 3313 from
1518 3276 1582 3312 the
1601 3275 1687 3312 llth
1701 3281 1741 3312 to
1752 3274 1815 3312 the
1827 3275 1915 3312 80:11
1927 3273 1971 3311 of
1976 3273 2187 3311 November.
2216 3273 2338 3317 L’Art,
2355 3273 2403 3309 iii.
2424 3275 2502 3315 163,

573 3336 656 3368 Svo.
839 3333 984 3369 siciliae?

2581 1597 2640 1633 fol.
2661 1601 2718 1631 31.
