2846 3874
609 490 699 535 130
1068 487 1493 536 CHRONICA
1539 487 1639 536 DE
1687 487 2073 538 MAILROS.
2234 491 2532 548 A.D.1217.

603 628 813 695 generali
838 645 891 676 11.
918 626 1117 675 abbates
1134 634 1240 675 etv.
1265 627 1444 692 priores
1467 627 1527 676 de
1550 626 1733 683 Wales,
1757 637 1948 694 propter
1965 629 2176 679 excefl'us
2193 631 2301 680 suos
2319 632 2538 683 adversus

603 708 867 773 predictum
905 706 1206 761 cardinalem,
1249 705 1447 765 abbates
1492 707 1667 756 scilicet
1708 707 1768 756 de
1809 707 1936 756 Alba
1980 708 2150 758 Lauda
2190 717 2238 758 et
2275 710 2336 760 de
2381 710 2542 762 Strata

606 787 809 835 Florida.

670 866 837 915 Mense
863 866 998 914 Maio
1025 865 1364 932 A[lexander],
1391 866 1485 915 Dei
1510 868 1664 933 gratia
1692 884 1773 916 rex
1803 868 2090 924 Scottorum,
2121 878 2414 937 congregato
2442 873 2542 921 uni·

603 947 732 994 verso
765 947 974 994 exercitu
1003 946 1103 1002 suo,
1132 945 1313 995 obsedit
1349 946 1589 995 castellum
1623 947 1682 995 de
1717 947 1943 1004 Midford,
1981 948 2110 1014 quod
2146 966 2253 998 cum
2289 967 2372 1015 per
2406 951 2542 1017 septi-

603 1043 791 1074 manam
816 1025 1063 1074 obsedisset
1087 1025 1148 1074 ad
1171 1026 1360 1092 propria
1384 1028 1590 1075 reversus
1615 1027 1696 1075 est.

670 1106 843 1154 Minati
878 1107 982 1154 sunt
1016 1105 1261 1170 Philippus
1296 1106 1355 1154 de
1384 1106 1625 1155 Ullecotes
1661 1114 1707 1155 et
1741 1106 1936 1173 H[ug0]
1965 1108 2024 1156 de
2062 1108 2249 1165 Balliol,
2285 1118 2337 1158 ut
2372 1118 2543 1161 terram

604 1186 779 1233 domini
804 1186 928 1251 regis
958 1185 1227 1234 Scottorum
1251 1185 1442 1234 ultionis
1465 1187 1606 1234 causa
1634 1186 1970 1243 devastarent3e
2001 1205 2096 1253 quo
2122 1188 2300 1245 audito,
2326 1190 2542 1240 dominus

603 1283 683 1314 rex
708 1283 815 1314 curn
839 1267 1020 1313 summa
1042 1265 1340 1314 festinatione
1365 1266 1575 1331 generali
1600 1264 1825 1322 exercitu,
1848 1266 2114 1332 Anglorum
2138 1269 2313 1317 scilicet
2337 1278 2385 1318 et
2408 1271 2542 1319 Scot-

603 1354 755 1393 torum
787 1354 834 1393 et
861 1346 1192 1401 Galweiorum,
1219 1362 1293 1393 111.
1319 1362 1469 1393 nonas
1493 1345 1604 1410 Julij
1636 1345 1752 1410 [Jul.
1780 1345 1831 1410 5]
1859 1347 2016 1395 versus
2040 1347 2430 1397 Northumbriam
2456 1351 2541 1398 iter

603 1427 771 1474 iterato
796 1425 1003 1490 arripuit.

672 1505 804 1562 Obiit
828 1505 1018 1552 domina
1044 1503 1153 1551 Eua
1177 1504 1236 1551 de
1265 1503 1478 1552 Galweia
1503 1504 1566 1568 iij.
1594 1504 1698 1551 idus
1722 1503 1850 1552 Junii
1866 1503 1887 1532 ἃ
1913 1504 2046 1569 [Jun.
2079 1505 2178 1570 11].

670 1584 869 1632 Electus
888 1584 955 1632 est
979 1583 1214 1648 dompnus
1234 1582 1433 1647 Helyas,
1459 1582 1701 1647 quondam
1726 1582 1875 1631 abbas
1896 1582 2140 1639 Rieuallis‚
2166 1585 2212 1631 in
2239 1585 2462 1634 abbatem
2483 1587 2542 1635 de

606 1665 826 1719 Reuesb',
851 1665 1009 1713 mense
1035 1663 1307 1711 Decembri.

670 1744 856 1792 Eodem
892 1760 1015 1792 anno
1047 1744 1206 1792 mense
1233 1742 1419 1790 Marcio
1442 1743 1575 1791 facta
1610 1743 1678 1791 est
1707 1743 1896 1798 sedicio,
1922 1750 1974 1790 ut
1998 1743 2183 1799 dicitur,
2209 1752 2373 1793 contra
2397 1745 2543 1793 domi-

602 1842 713 1873 num
736 1824 1072 1872 Laodowicum
1096 1823 1143 1871 in
1168 1823 1317 1871 insula
1335 1823 1395 1884 de
1416 1822 1521 1871 Rie.
1574 1822 1782 1879 Quidam
1798 1823 1923 1870 enim
1940 1823 2020 1887 qui
2037 1840 2145 1871 cum
2159 1824 2258 1888 ipso
2271 1824 2544 1889 juraverant

603 1914 765 1953 contra
788 1921 950 1969 regem
978 1903 1170 1968 Anglie,
1191 1903 1458 1950 Willelmus
1482 1902 1658 1951 scilicet
1685 1902 1857 1968 Longa
1880 1903 2030 1967 spata,
2053 1903 2198 1951 frater
2221 1903 2451 1953 Johannis
2475 1923 2544 1953 re-

602 1986 690 2049 gis,
717 1993 764 2032 et
793 1984 1061 2031 Willelmus
1087 1983 1245 2047 junior
1283 1982 1563 2030 Marscallus
1598 1982 1802 2047 Angliee
1826 1990 1874 2030 et
1898 1999 2062 2032 eorum
2086 1983 2355 2048 complices,
2381 1993 2544 2032 contra

602 2068 729 2129 spem
755 2063 894 2128 ipfius
922 2062 1183 2110 Laodouici
1208 2062 1255 2109 in
1281 2062 1449 2110 eadem
1473 2062 1622 2110 insula
1644 2062 1988 2110 insurrexerunt
2011 2062 2058 2109 in
2082 2063 2254 2127 ipsum;
2290 2063 2369 2111 sed
2393 2066 2543 2128 provi-

604 2146 745 2192 dente
773 2143 947 2191 Divina
982 2141 1151 2206 gratia,
1177 2158 1270 2205 que
1304 2158 1548 2206 nunquam
1576 2142 1682 2189 suos
1706 2141 1939 2189 desolatos
1970 2141 2234 2206 dereliquit,
2270 2159 2414 2191 naves
2448 2161 2543 2192 non

604 2242 771 2289 pauce,
789 2240 907 2288 quas
922 2229 1056 2286 pater
1071 2221 1210 2286 ipfius
1229 2220 1508 2276 Laodouici,
1528 2221 1771 2286 Philippus
1787 2220 1960 2269 scilicet
1978 2238 2059 2269 rex
2076 2221 2291 2277 Francie,
2308 2223 2354 2270 in
2376 2223 2543 2289 Angli-

605 2322 680 2352 am
706 2304 954 2357 direxerat,
980 2301 1149 2350 eadem
1171 2302 1289 2350 hora
1313 2302 1374 2349 ad
1399 2301 1599 2349 eandem
1635 2301 1830 2349 insulam
1854 2302 1972 2350 miro
1997 2301 2324 2366 applicuerunt
2356 2312 2543 2359 eventu,

605 2383 775 2448 quibus
801 2381 1160 2430 advenientibus
1183 2389 1231 2429 et
1255 2382 1351 2446 ipse
1375 2380 1601 2429 liberatus
1626 2381 1709 2436 est,
1733 2388 1782 2429 et
1811 2380 2057 2428 adversarii
2091 2380 2230 2445 ipfius
2253 2382 2368 2446 fuge
2393 2383 2544 2446 praefi-

603 2465 731 2512 dium
755 2470 916 2527 petere
939 2462 1044 2509 sunt
1069 2461 1240 2510 coacti.

672 2543 767 2607 xiij.
787 2541 1018 2590 kalendas
1037 2541 1066 2589 J
1070 2542 1166 2589 unii
1190 2540 1332 2605 [Maij
1351 2540 1436 2605 20]
1457 2539 1747 2589 commifl'um
1765 2540 1833 2588 est
1856 2540 2067 2605 praelium
2093 2549 2207 2605 aput
2228 2539 2550 2590 Lincolniams

604 2626 722 2671 inter
746 2623 955 2670 fautores
983 2621 1246 2669 Laodouici
1269 2621 1350 2668 filii
1375 2621 1500 2686 regis
1526 2620 1726 2669 Francie
1750 2628 1798 2668 et
1821 2621 2031 2668 fautores
2058 2619 2251 2668 Henrici
2286 2622 2395 2668 novi
2419 2621 2544 2686 regis

663 2772 676 2786 ²
700 2772 807 2818 Upon
819 2770 882 2806 the
898 2769 1006 2806 death
1018 2769 1060 2805 of
1069 2769 1222 2805 Eustaoe
1239 2769 1283 2806 de
1298 2769 1424 2815 Vesey,
1443 2781 1512 2804 one
1528 2770 1659 2816 moiety
1671 2769 1715 2804 of
1724 2769 1778 2805 his
1794 2769 1895 2806 lands
1908 2780 2000 2804 were
2015 2769 2161 2815 granted
2175 2775 2214 2804 to
2230 2769 2345 2815 Philip
2358 2769 2402 2805 de
2419 2769 2545 2807 Ulecot

600 2831 646 2874 by
662 2828 743 2873 king
759 2826 866 2867 John,
887 2825 957 2860 and
975 2826 1098 2872 Henry
1114 2825 1176 2860 the
1192 2824 1287 2860 third
1303 2824 1534 2860 commanded
1550 2825 1751 2872 possession
1767 2831 1806 2862 to
1822 2826 1867 2860 be
1882 2825 2006 2872 given;
2034 2826 2114 2860 Rot.
2126 2825 2234 2861 Clam.
2253 2827 2276 2858 2
2292 2825 2386 2859 Hen.
2408 2825 2477 2859 111.
2496 2836 2541 2859 m.

603 2888 635 2918 4.
666 2883 745 2917 The
763 2894 857 2917 same
874 2881 1064 2916 individual
1081 2881 1152 2916 had
1168 2892 1189 2916 a
1204 2887 1304 2926 grant
1321 2879 1364 2916 of
1372 2880 1434 2915 the
1451 2880 1560 2915 castle
1577 2881 1647 2916 and
1662 2880 1762 2916 lands
1780 2880 1823 2916 of
1836 2879 1991 2921 Mstford,
2009 2879 2171 2916 forfeited
2186 2881 2233 2926 by
2248 2879 2311 2915 the
2327 2879 2493 2916 rebellion
2509 2878 2552 2914 of

605 2940 719 2983 Roger
738 2939 905 2978 Ber-tram,
927 2939 1007 2972 Rot.
1029 2938 1137 2972 Clam.
1160 2939 1175 2971 1
1199 2937 1294 2972 Hen.
1316 2936 1385 2971 111.
1405 2949 1451 2971 m.
1474 2939 1529 2978 13,
1556 2936 1609 2971 for
1625 2936 1687 2971 the
1712 2936 1931 2983 possessions
1955 2935 2073 2972 which
2099 2935 2207 2982 Hugh
2224 2935 2269 2971 de
2287 2934 2399 2970 Baliol
2423 2934 2494 2971 had
2507 2934 2543 2968 in

603 2994 664 3028 the
681 2993 785 3034 north
803 2992 844 3027 of
857 2993 1028 3038 England.
1063 2993 1131 3029 See
1146 2993 1265 3039 Dugd.
1279 2993 1408 3027 Boron.
1427 2993 1449 3027 i.
1469 2994 1551 3027 523.
1605 2992 1638 3026 It
1654 3004 1734 3039 may
1749 2993 1794 3027 be
1811 2991 1936 3033 added,
1955 2991 2034 3027 that
2053 2991 2166 3027 Baliol
2180 2990 2251 3026 and
2269 2989 2434 3027 mecotes
2451 3000 2543 3023 were

604 3048 794 3093 appointed
816 3049 862 3093 by
880 3047 986 3089 John,
1006 3048 1042 3082 in
1055 3047 1120 3083 the
1137 3047 1341 3094 eighteenth
1357 3059 1440 3094 year
1462 3047 1505 3082 of
1522 3047 1576 3082 his
1598 3048 1705 3094 reign,
1729 3054 1769 3082 to
1779 3052 1923 3093 ‘protect
1938 3046 2001 3082 the
2017 3045 2186 3082 northern
2209 3050 2304 3091 parts
2321 3043 2365 3079 of
2383 3043 2543 3089 England

603 3103 692 3137 from
708 3103 770 3137 the
786 3103 979 3138 incursions
996 3104 1038 3139 of
1047 3104 1110 3140 the
1129 3104 1253 3144 Scots;
1280 3103 1339 3138 M.
1360 3105 1472 3144 Paris,
1492 3115 1527 3150 p.
1545 3106 1623 3138 191.
1683 3104 1739 3138 To
1755 3103 1857 3138 these
1873 3113 1996 3138 causes
2012 3113 2093 3148 may
2107 3102 2152 3136 be
2171 3099 2291 3135 traoed
2305 3098 2396 3134 their
2412 3100 2544 3146 eumity

605 3157 756 3192 towards
773 3157 981 3194 Alexander.
1035 3159 1102 3194 See
1119 3159 1194 3194 also
1205 3159 1269 3194 the
1293 3159 1388 3194 C'loee
1405 3159 1503 3194 Rolls
1517 3158 1561 3194 of
1569 3158 1632 3194 the
1652 3158 1737 3193 llth
1753 3158 1848 3193 June
1863 3157 1935 3193 and
1949 3157 2023 3192 2211
2037 3155 2133 3202 July,
2153 3155 2255 3192 1217.
2415 3154 2432 3174 ‘¹
2453 3154 2542 3190 This

605 3224 676 3249 was
693 3212 860 3258 probably
877 3213 965 3254 Eva,
985 3214 1155 3259 daughter
1170 3213 1214 3249 of
1224 3213 1379 3249 Richard
1395 3214 1439 3249 de
1459 3213 1654 3254 Moreville,
1681 3212 1858 3248 constable
1881 3211 1925 3247 of
1943 3210 2120 3251 Sentinati,
2146 3209 2217 3245 and
2237 3208 2317 3244 wife
2341 3208 2384 3244 os
2403 3209 2544 3246 Roland

601 3268 679 3304 lord
696 3267 737 3303 of
751 3267 942 3313 Gauoway.
1064 3268 1078 3284 ⁶
1100 3269 1168 3303 See
1183 3269 1302 3315 Dugd.
1318 3269 1446 3303 Bar-on.
1464 3268 1487 3303 i.
1507 3270 1588 3303 602.
1713 3266 1726 3287 f
1744 3267 1935 3313 ffluyghtm,
1947 3265 2015 3302 col.
2034 3265 2126 3303 2027
2138 3279 2148 3304 ;
2168 3264 2226 3299 M.
2243 3265 2355 3306 Paris,
2375 3277 2410 3310 p.
2430 3267 2511 3300 204.
