2904 3886
626 514 721 558 200
1091 507 1512 558 CHRONICA
1557 507 1658 556 DE
1703 506 2088 558 MAILROS.
2238 511 2370 562 A.D.
2411 514 2550 567 1268.

627 650 760 697 suum
784 649 844 697 ad
869 648 1052 696 dorsum
1075 646 1178 712 post
1197 645 1497 695 Edwardum.
1552 645 1617 695 Et
1640 645 1749 695 ideo
1773 663 1881 695 cum
1904 648 1984 713 spe
2007 663 2116 697 cum
2138 665 2282 714 parvo
2305 660 2449 716 quem
2469 652 2553 703 Ιια-4

627 728 727 776 buit
751 727 958 776 exercitu
983 726 1139 781 exivit,
1164 725 1376 774 confeffis
1399 725 1526 791 prius
1550 733 1598 774 et
1621 726 1978 775 communicatis
1995 742 2054 775 ex
2071 726 2242 777 viatico
2260 728 2552 781 sacrosanste

627 806 900 854 eucharistie
936 804 1152 854 omnibus
1188 805 1267 870 qui
1304 803 1524 871 egressuri
1560 812 1692 854 erant
1727 821 1835 853 cum
1869 805 1967 870 ipso
2002 805 2064 854 ad
2099 805 2290 856 bellum.
2369 807 2553 859 Habuit

625 892 782 933 autem
810 883 1068 933 Edwardus
1102 885 1180 933 sex
1215 884 1428 933 homines
1462 883 1536 932 vel
1572 884 1764 949 septem,
1801 883 1881 932 ubi
1911 884 2074 933 Simon
2112 885 2185 933 vix
2218 886 2385 935 habuit
2416 887 2549 938 duos.

629 963 1010 1030 Congrediuntur
1042 980 1156 1029 ergo
1181 963 1241 1011 ad
1272 963 1472 1012 invicem
1502 963 1727 1012 terrificus
1759 963 1974 1029 copiosus
2005 965 2236 1013 exercitus
2262 964 2480 1016 Edwardi
2504 975 2553 1016 et

623 1041 811 1107 pufillus
830 1042 1061 1092 exercitus
1086 1043 1290 1091 Simonis
1316 1042 1374 1091 de
1395 1042 1564 1090 Monte
1588 1043 1712 1099 forti,
1737 1042 1913 1091 bellum
1938 1043 2299 1101 committentes,
2324 1053 2551 1110 preeunte

622 1123 879 1171 exercitum
903 1122 1106 1171 Simonis
1131 1121 1338 1170 animoso
1357 1121 1493 1170 valde
1517 1121 1663 1169 milite
1686 1121 1928 1187 Gwydone
1948 1121 2007 1170 de
2030 1121 2231 1171 Balliolo
2256 1140 2363 1172 cum
2381 1124 2550 1174 vexillo

627 1202 845 1251 Simonis.
905 1201 1049 1249 Juxta
1073 1200 1201 1267 quod
1226 1208 1326 1248 erat
1347 1200 1581 1249 Henricus
1599 1200 1731 1249 miles
1755 1200 1957 1256 inclitus,
1981 1202 2320 1267 primogenitus
2344 1203 2549 1254 Simonis

620 1281 755 1335 filius,
780 1281 968 1328 nomine
991 1280 1184 1328 Henrici
1208 1280 1332 1346 regis
1357 1280 1635 1345 appellatus.
1686 1279 1780 1329 Hic
1803 1281 2002 1345 primum
2021 1281 2169 1329 ictum
2188 1279 2321 1330 dedit'
2339 1283 2387 1331 in
2405 1282 2545 1332 bello.

623 1361 718 1418 Qui
744 1360 1030 1426 repercussus
1051 1368 1096 1408 et
1121 1360 1277 1408 multis
1301 1359 1454 1425 plagis
1471 1359 1674 1408 letaliter
1698 1359 1932 1408 sauciatus
1951 1376 1979 1407 a
1995 1360 2153 1408 multis
2176 1361 2352 1426 primus
2376 1363 2547 1412 cecidit

621 1458 678 1488 ex
710 1440 940 1495 omnibus,
971 1447 1017 1487 et
1049 1446 1258 1487 mortuus
1290 1438 1371 1486 est.
1445 1438 1590 1486 Pauci
1623 1455 1732 1486 vero
1765 1437 2035 1487 ceciderunt
2070 1455 2128 1487 ex
2159 1447 2293 1504 parte
2326 1440 2544 1491 Edwardi

619 1528 807 1585 propter
838 1518 1185 1566 multitudinem
1218 1525 1503 1565 armatorum
1535 1517 1891 1582 prevalentium,
1916 1517 2015 1565 fere
2039 1533 2202 1566 omnes
2226 1535 2285 1566 ex
2312 1526 2445 1584 parte
2474 1520 2545 1570 Si·

619 1599 770 1647 monis
795 1615 901 1646 cum
919 1598 1017 1663 ipso
1037 1596 1226 1644 demum
1251 1596 1460 1651 Simone,
1486 1603 1533 1643 et
1557 1596 1726 1643 mortui
1746 1596 1864 1651 sunt,
1889 1602 2078 1661 propter
2102 1596 2390 1661 paucitatem
2414 1597 2545 1664 a'dju·

619 1688 773 1726 torum
811 1677 905 1725 cito
947 1675 1278 1730 deficientium,
1320 1682 1474 1740 preter
1515 1691 1693 1739 paucos
1730 1675 1810 1740 qui
1852 1675 1898 1722 se
1941 1674 2167 1724 dedentes
2205 1676 2546 1742 pugnatoribus

618 1756 853 1812 Edwardi,
886 1755 1187 1804 reddiderunt
1220 1755 1286 1803 eis
1318 1771 1449 1802 arma
1480 1755 1576 1802 sua.
1650 1753 1834 1818 Gwydo
1859 1762 2018 1803 autem
2043 1754 2178 1820 cujus
2203 1762 2311 1804 ante
2336 1756 2543 1814 memini,

615 1838 748 1886 miles
784 1835 1050 1891 acerrimus,
1075 1834 1266 1882 natione
1296 1834 1482 1889 Scotus,
1507 1849 1615 1881 cum
1638 1840 1752 1881 tunc
1774 1832 1992 1898 potuisset
2015 1833 2179 1882 salvari
2203 1851 2231 1882 a
2255 1842 2406 1884 morte
2428 1842 2545 1885 tem·

617 1916 781 1983 porali,
818 1914 982 1964 noluit.
1057 1913 1296 1962 Occubuit
1331 1912 1473 1978 igitur
1508 1929 1615 1960 cum
1646 1912 1804 1961 multis
1836 1929 1895 1960 ex
1926 1912 2229 1978 magnatibus
2256 1913 2431 1980 Anglie
2464 1916 2544 1981 qui

617 2002 842 2045 venerant
862 1994 921 2042 ad
946 1992 1136 2047 bellum,
1167 1999 1217 2040 ut
1242 1991 1537 2040 decertarent
1560 2007 1644 2056 pro
1663 1990 1842 2056 justitia
1869 1990 2067 2058 Anglie3
2092 1992 2226 2056 cujus
2248 1992 2543 2057 postmodum

614 2075 790 2141 justitie
826 2072 1070 2122 infallibile
1106 2070 1286 2136 fignum
1316 2070 1406 2118 fuit
1433 2069 1597 2119 crebra
1624 2070 1955 2119 miraculorum
1990 2070 2182 2119 exibitio
2218 2071 2436 2121 divinitus
2464 2089 2543 2121 ex-

616 2154 765 2202 hibita
790 2153 914 2201 circa
931 2150 1189 2216 Hugonem
1207 2150 1608 2215 Dispensatorem,
1628 2150 1856 2197 summum
1869 2149 2169 2214 justitiarium
2187 2149 2377 2215 Anglie,
2394 2151 2541 2200 virum

611 2231 900 2299 justiffimum
937 2238 984 2278 et
1016 2228 1306 2295 equiffimum
1339 2229 1385 2276 in
1416 2228 1543 2276 omni
1567 2227 1748 2293 judicio
1780 2228 1903 2276 circa
1935 2228 2101 2277 divites
2131 2236 2178 2277 et
2209 2246 2457 2294 pauperes,
2493 2239 2541 2279 et

615 2313 738 2360 circa
767 2310 1023 2364 Simonem,
1043 2316 1090 2356 et
1114 2307 1361 2356 nonnullos
1385 2307 1501 2356 alios
1525 2307 1605 2373 qui
1629 2307 1769 2355 fidem
1787 2307 1894 2356 Deo
1913 2308 2146 2356 servantes
2170 2309 2316 2373 usque
2335 2309 2396 2357 ad
2420 2326 2540 2358 mor-

615 2400 710 2440 tem
728 2397 915 2456 propter
934 2388 1159 2454 justitiam
1179 2388 1310 2453 regni
1329 2386 1608 2452 Anglorum,
1628 2386 1755 2451 quod
1772 2386 1896 2452 juste
1915 2387 2210 2452 susceperant
2228 2387 2289 2435 ad
2312 2388 2540 2437 tuendum

615 2477 776 2519 contra
802 2468 1091 2534 alienigenas
1116 2474 1163 2516 et
1194 2466 1337 2515 etiam
1369 2473 1531 2514 contra
1560 2483 1723 2531 regem
1748 2466 1828 2531 qui
1860 2465 2027 2531 injuste
2052 2465 2317 2515 detinuerat
2346 2466 2465 2523 illos,
2490 2475 2542 2516 ut

615 2550 794 2599 di&um
825 2548 907 2603 est,
940 2547 987 2595 in
1019 2546 1225 2595 editione
1249 2544 1382 2594 faeta
1406 2545 1465 2594 de
1489 2544 1613 2593 bello
1642 2544 1867 2601 Lawenfi,
1892 2544 1952 2593 de
1982 2561 2126 2593 manu
2157 2546 2240 2594 viri
2271 2546 2420 2595 sanGti
2447 2545 2541 2595 Ro-

614 2629 732 2678 berti
751 2627 1018 2682 Grostehte‚
1039 2623 1374 2674 Lincolnienfis
1390 2625 1610 2691 episcopi,
1626 2624 1673 2672 in
1691 2623 1999 2673 remiffionem
2017 2631 2319 2690 peccatorum
2338 2626 2537 2675 suorum.

612 2709 742 2757 Juste
779 2708 920 2773 igitur
957 2704 1279 2754 occubuerunt
1315 2721 1399 2770 pro
1430 2704 1611 2770 justitia
1641 2703 1952 2760 decertantes,
1986 2711 2034 2752 et
2071 2703 2178 2752 ideo
2209 2704 2312 2769 post
2341 2712 2540 2754 mortem

611 2787 818 2836 nonnulli
851 2802 1012 2834 eorum
1039 2792 1308 2834 meruerunt
1332 2801 1362 2832 a
1387 2783 1495 2832 Deo
1526 2783 1856 2832 miraculorum
1885 2782 2236 2839 exhibitionem,
2260 2783 2459 2849 gloriam
2490 2792 2538 2835 et

612 2866 976 2921 venerationem,
1001 2873 1049 2913 et
1074 2864 1180 2913 ideo
1206 2863 1457 2913 creduntur
1480 2879 1679 2929 regnare
1703 2879 1812 2911 cum
1838 2862 1946 2911 Deo
1970 2863 2017 2911 in
2041 2862 2207 2928 gloria.
2279 2863 2407 2912 Inter
2430 2863 2538 2912 istos

612 2947 777 2995 heroes
800 2944 1062 2994 fortiffimos
1087 2950 1186 2993 erat
1212 2942 1430 3009 Rogerus
1455 2942 1513 2991 de
1541 2942 1686 2998 Rwle,
1711 2942 1861 2991 socius
1882 2941 2138 3008 Gwydonis
2161 2941 2430 3008 supradiffl,
2456 2941 2535 3008 qui

611 3025 751 3073 etiam
776 3041 882 3073 cum
908 3025 1005 3090 ipso
1030 3030 1239 3072 mortuus
1263 3022 1344 3071 est.
1397 3021 1631 3071 Dominus
1654 3038 1764 3070 vero
1785 3020 2021 3070 Henricus
2045 3038 2142 3077 rex,
2161 3021 2242 3086 qui
2266 3020 2535 3086 injustitiam
2575 3038 2636 3075 fol.
2655 3042 2713 3075 ω,
2729 3040 2764 3075 b,

616 3103 790 3168 Anglie
815 3103 994 3151 foverat
1018 3103 1155 3152 nimis
1177 3101 1496 3151 favorabiliter
1531 3102 1578 3150 in
1603 3101 1897 3167 alienigenis,
1922 3108 2130 3149 armatus
2153 3098 2360 3166 egrefl'us
2382 3097 2450 3148 est
2473 3098 2534 3146 ad

613 3182 703 3229 hoc
726 3180 900 3229 bellum
924 3199 1032 3230 cum
1060 3182 1269 3238 Simone,
1293 3188 1485 3247 propter
1502 3180 1730 3246 justitiam
1756 3179 1932 3246 Anglie
1949 3180 2074 3245 juste
2098 3175 2461 3243 adipiscendam,
2486 3177 2532 3225 in

613 3259 816 3315 alterium,
840 3260 995 3310 nescio
1020 3261 1169 3325 cujuS,
1195 3260 1350 3310 armis.
1401 3259 1599 3325 Propter
1615 3258 1843 3325 justitiam
1862 3258 2039 3324 An'glie
2061 3255 2255 3306 dixerim
2279 3271 2440 3322 regem
2463 3262 2531 3304 ta-
