2904 3886
3 3627 22 3674 ,’,
0 3586 6 3598 ”
0 3391 23 3560 :gvj-35⁷³,
12 3342 18 3355 .-

188 1298 247 1332 fol.
266 1301 323 1332 45.

407 500 539 550 A.D.
581 504 721 550 1241.
875 498 1300 549 CHRONICA
1343 497 1446 548 DE
1491 497 1871 549 MAILROS.
2250 505 2340 550 153

402 643 579 699 ferreis,
612 642 740 708 quod
769 649 817 692 et
847 641 984 691 nobis
1015 641 1233 690 omnibus
1263 640 1359 690 fine
1394 641 1555 706 aliqua
1585 641 1888 706 personarum
1919 640 2213 706 acceptione,
2241 640 2340 696 fieri

401 721 496 771 fine
521 722 666 771 dubio
695 722 741 770 in
777 722 990 787 proximo
1022 721 1136 770 certi
1161 722 1334 770 sumus.
1405 719 1547 770 Unde
1579 721 1804 786 quoniam
1835 720 1895 769 de
1926 720 2141 770 evafione
2164 720 2240 769 vel
2271 737 2340 768 re-

403 801 610 850 verfione
644 801 802 850 nostra
836 801 979 849 nichil
1002 800 1136 850 vobis
1170 801 1396 849 mandare
1431 807 1612 848 certum
1643 799 1896 865 pofl'umus,
1928 800 2082 866 magis
2113 800 2174 848 de
2207 815 2341 847 mora

403 882 735 946 praesumentes
759 897 903 946 quam
927 881 987 928 de
1012 879 1114 944 ejus
1138 879 1389 935 contrario,
1413 895 1638 944 rogamus
1660 896 1744 928 vos
1768 887 2002 944 quatenus
2031 879 2338 945 equitaturas,

403 960 652 1009 conversos
676 967 723 1008 et
746 967 896 1008 totam
913 959 1142 1007 familiam
1165 958 1370 1006 nostram
1394 957 1571 1023 absque
1590 957 1831 1014 dilatione,
1850 958 1884 1006 fi
1907 960 2079 1024 poterit
2096 959 2211 1014 fieri,
2231 975 2339 1007 cum

401 1041 563 1088 securo
595 1039 836 1087 conductu
873 1038 935 1086 ad
975 1038 1142 1085 domos
1176 1037 1302 1085 unde
1337 1038 1456 1092 sunt,
1488 1037 1674 1085 faciatis
1711 1037 1888 1092 reduci,
1925 1038 2097 1086 statum
2132 1038 2339 1086 nostrum

401 1119 678 1167 nunciantes
712 1117 877 1165 nostris
913 1116 972 1164 de
1007 1116 1150 1181 plano
1182 1115 1507 1171 conventibus,
1543 1122 1595 1163 ut
1631 1123 1764 1163 tanto
1800 1117 2105 1165 ferventiores
2141 1117 2339 1165 existant

402 1198 525 1245 circa
549 1197 724 1245 ordinis
747 1195 1105 1250 observantiam,
1131 1202 1310 1260 quanto
1334 1211 1421 1242 nos
1444 1195 1492 1242 in
1515 1194 1707 1259 majoris
1730 1195 2011 1243 neceffitatis
2036 1196 2232 1244 articulo
2255 1214 2338 1244 no-

400 1278 549 1325 verint
573 1276 862 1324 constitutos.
924 1274 1025 1323 Vos
1048 1291 1159 1323 vero
1183 1291 1267 1339 pro
1291 1274 1428 1322 nobis
1451 1274 1551 1322 fieri
1575 1274 1802 1339 speciales
1827 1275 2063 1323 orationes
2087 1293 2338 1340 procurare

400 1356 674 1421 dignemini,
707 1362 759 1402 ut
789 1355 1040 1419 praesentes
1078 1354 1319 1419 augustias
1351 1370 1460 1401 cum
1491 1353 1660 1402 futuris
1692 1353 1910 1403 omnibus
1945 1355 2254 1404 incommodis
2292 1356 2338 1403 in

398 1436 525 1483 omni
562 1434 919 1483 mansuetudine
957 1442 1005 1482 et
1044 1433 1275 1498 patientia
1314 1433 1600 1482 tolleremus.
1677 1433 1933 1498 Speramus
1975 1434 2168 1499 quidem
2209 1436 2339 1500 quod

398 1523 498 1562 tota
522 1515 723 1579 praesens
748 1513 998 1561 adverfitas
1021 1513 1158 1561 nobis
1182 1513 1229 1560 in
1253 1513 1609 1577 prosperitatem
1633 1514 2014 1569 commutabitur,
2040 1522 2087 1562 et
2111 1515 2338 1579 quicquid

398 1595 601 1658 patimur
642 1593 980 1648 amaritudinis,
1028 1593 1074 1640 in
1122 1592 1421 1640 dulcedinem
1462 1599 1773 1640 convertetur.
1846 1593 1946 1641 Vos
1987 1594 2130 1658 igitur
2171 1603 2337 1658 quemz

400 1673 635 1720 Dominus
673 1672 732 1720 de
770 1679 903 1719 tanta
939 1671 1251 1736 procellarum
1287 1671 1528 1736 voragine,
1570 1670 1685 1718 ficut
1711 1672 1920 1727 videtur,
1955 1673 2139 1737 eripuit,
2172 1674 2336 1722 sollici-

395 1752 608 1800 tudinem
648 1752 823 1816 geratis
865 1759 912 1798 et
953 1750 1271 1816 diligenciam,
1313 1750 1515 1814 qualiter
1556 1751 1730 1798 ordinis
1767 1751 2035 1800 observetur
2072 1752 2333 1817 integritas.

398 1831 650 1896 Dompnus
686 1831 874 1896 legatus
909 1830 1086 1895 Anglie
1124 1837 1171 1878 et
1209 1829 1585 1894 archiepiscopus
1626 1829 2033 1895 Rothomagenfis,
2072 1832 2152 1896 qui
2184 1833 2335 1897 primo

395 1911 713 1958 remanserunt
738 1917 894 1974 aputzz
929 1910 1099 1965 Pisam,
1123 1923 1250 1956 nunc
1273 1909 1333 1956 de
1365 1926 1487 1957 novo
1513 1909 1574 1956 ad
1606 1909 1722 1957 alios
1752 1909 1971 1973 praelatos
1995 1911 2098 1958 sunt
2129 1911 2335 1960 transsati

394 1991 454 2038 de
495 1997 732 2054 praecepto
770 1989 1080 2054 imperatoris.
1154 1988 1425 2036 Bisuntinus
1465 1988 1840 2053 archiepiscopus
1880 1988 2140 2038 submersus
2181 1991 2248 2038 est
2288 1992 2335 2039 in

392 2070 531 2124 mari3
569 2069 718 2117 abbas
745 2068 1048 2123 Fiscanenfis,
1068 2068 1149 2132 qui
1175 2074 1275 2116 erat
1299 2068 1346 2115 in
1371 2067 1512 2133 galea
1537 2084 1645 2115 cum
1670 2067 1860 2116 domino
1882 2067 2143 2124 Bisuntino,
2169 2078 2335 2135 captus

392 2149 459 2196 est
488 2149 641 2204 vivus3
684 2155 731 2196 et
760 2165 923 2196 omnes
951 2147 1132 2212 praelati
1159 2146 1387 2212 Hispanie
1416 2147 1676 2195 evaserunt.
1749 2146 1822 2194 Ita
1846 2147 1975 2211 quod
2007 2148 2223 2197 dominus
2251 2150 2334 2197 im-

392 2236 579 2293 perator
609 2245 705 2276 non
736 2227 881 2275 habet
909 2227 957 2275 in
987 2243 1174 2275 carcere
1204 2227 1302 2282 suo,
1335 2226 1545 2291 exceptis
1573 2225 1720 2274 tribus
1752 2226 1937 2292 legatis,
1962 2227 2046 2275 nifi
2069 2235 2162 2276 tres
2187 2229 2334 2277 archi-

391 2309 634 2372 episcopos
653 2315 700 2355 et
717 2309 796 2355 sex
814 2307 1080 2372 episcopos;
1105 2306 1165 2355 de
1185 2305 1437 2354 abbatibus
1455 2322 1564 2354 vero
1585 2313 1631 2354 et
1650 2306 2030 2371 procuratoribus
2049 2307 2110 2355 ad
2135 2309 2333 2372 praesens

390 2403 485 2434 non
507 2387 790 2451 loquimur.''

461 2544 722 2600 Walenses,
759 2545 839 2609 qui
878 2552 925 2592 et
963 2544 1158 2609 reliquie
1193 2543 1455 2599 Britonum,
1491 2544 1573 2609 qui
1609 2561 1637 2591 a
1675 2544 1841 2592 diebus
1875 2543 2008 2592 Bruti
2041 2546 2121 2609 qui
2153 2546 2329 2610 primus

391 2640 553 2671 eorum
577 2624 794 2688 princeps
818 2631 934 2678 erat,
953 2624 1213 2688 principem
1236 2624 1372 2688 super
1395 2623 1442 2670 se
1462 2623 1521 2670 de
1546 2631 1689 2686 gente
1713 2624 1796 2671 sua
1818 2623 2098 2679 habuerunt,
2124 2625 2207 2673 sub
2232 2643 2327 2690 quo

390 2710 437 2751 et
462 2720 544 2767 per
568 2719 711 2766 quem
742 2703 848 2750 suas
872 2703 1035 2750 causas
1067 2702 1574 2758 terminabant,.modo
1608 2710 1841 2768 coguntur
1872 2704 2017 2767 usque
2052 2703 2326 2754 Londonias

387 2798 654 2845 properare,
679 2781 840 2845 ibique
865 2781 926 2829 ad
951 2781 1193 2829 arbitrium
1220 2781 1486 2846 Anglorum
1511 2799 1592 2829 eas
1624 2782 1974 2830 determinare.a
2045 2782 2184 2832 Unde
2217 2801 2325 2832 con-

387 2860 475 2907 stat
500 2860 629 2925 quod
657 2860 912 2908 secundum
943 2860 1248 2925 propheciam
1282 2860 1487 2916 Merlini,
1521 2860 1693 2909 rubeus
1717 2861 1875 2916 draco,
1908 2861 1955 2908 id
1980 2861 2062 2917 est,
2090 2862 2323 2920 Britones,

386 2939 582 3004 languet
614 2940 661 2987 in
686 2939 981 2987 extremitate
1012 2939 1181 3004 stagni,
1210 2939 1385 2987 scilicet
1416 2940 1577 2995 insule,
1603 2931 1842 3004 oppress'us
1875 2940 1935 2988 ab
1968 2940 2076 2989 albo
2101 2942 2321 3000 dracone,

386 3035 468 3082 per
493 3035 634 3083 quem
663 3018 809 3083 Angli
834 3017 1149 3083 defignantur.

453 3097 586 3146 Obiit
615 3097 879 3146 Christiana
907 3096 1102 3153 Corbet,
1127 3113 1243 3145 uxor
1270 3096 1495 3145 Guilelmi
1523 3097 1603 3145 filii
1636 3097 1857 3153 eomitis,b
1881 3105 1927 3146 et
1952 3098 1998 3146 in
2023 3100 2230 3164 capitulo
2262 3102 2321 3150 de

385 3177 565 3226 Melros
589 3178 821 3242 sepelitur.

444 3337 458 3352 ⁸
491 3338 613 3379 Quos?
742 3337 782 3374 ‚⁸⁸
806 3338 923 3384 Apud.
1071 3339 1150 3383 (40)
1177 3337 1191 3353 ⁸
1214 3338 1280 3374 See
1299 3338 1454 3378 Foedera,
1472 3339 1494 3374 i.
1514 3340 1595 3380 240,
1615 3341 1696 3374 241.
1843 3339 1859 3359 ¹³
1880 3340 1947 3376 See
1962 3339 2025 3376 the
2041 3341 2108 3377 last
2125 3348 2209 3378 note
2225 3343 2254 3378 ‘¹.

942 3416 973 3448 U
