2852 3874
102 1598 158 1632 fol.
180 1600 235 1632 23.
258 1599 289 1632 b.

360 498 493 560 AD.
535 498 676 557 1186,-
825 495 1252 556 OHRQNIGA
1295 496 1396 547 DE
1442 495 1829 553 MAILROS.
2227 502 2291 553 95

425 639 559 697 Obiit
593 640 671 706 pie
703 639 932 698 memorie
969 639 1307 697 Christianusu
1339 639 1585 705 episcopus
1619 639 1680 690 de
1716 637 1935 694 Candida
1969 638 2109 696 Casa,
2139 657 2289 690 nonas

359 719 599 776 octobris,
628 719 763 785 [Oct.
790 719 841 785 7]
870 719 998 786 apud
1023 718 1336 768 Holcultram.

424 797 557 856 Obiit
583 798 752 855 ,Petrus
775 797 925 849 abbas
947 797 1226 854 Glareuallis
1248 797 1326 855 eui
1348 796 1556 851 succeffit
1577 796 1867 849 Guarnerius
1887 796 2054 849 Abbas
2077 797 2137 848 de
2164 798 2290 847 Alba

355 893 471 942 [lpa-
515 911 518 914 ’
972 907 976 912 ’

367 1000 369 1003 ,
421 956 564 1013 Anno
587 955 880 1021 u.c,lxxxvij,
916 954 1147 1010 Ricardus
1171 954 1367 1009 clericus
1394 954 1621 1005 Willelmi
1643 955 1769 1020 regis
1792 956 1974 1005 elestus
1998 956 2066 1006 est
2089 957 2150 1006 ad
2173 957 2289 1022 epis·

355 1042 579 1100 copatum
596 1033 914 1093 deaMureuia,
933 1033 1163 1087 kalendas
1183 1033 1346 1088 Martii
1357 1033 1512 1098 [Mar.
1538 1032 1586 1097 1]
1608 1033 1684 1082 die
1703 1034 1953 1090 dominica,
1977 1043 2026 1084 et
2048 1035 2153 1084 idus
2171 1036 2288 1101 ejus-

355 1113 464 1174 dem
485 1113 654 1170 meniis
680 1112 830 1178 [Mar.
858 1112 941 1177 15]
969 1113 1017 1160 in
1048 1111 1254 1176 paffione
1280 1111 1474 1165 Domini
1508 1112 1803 1161 consecratus
1827 1113 1894 1161 est
1918 1114 2044 1178 apud
2075 1115 2289 1163 sanctum

356 1192 600 1253 Andream
616 1192 671 1250 jn
696 1191 863 1245 Scotia
886 1207 915 1239 a
941 1190 1164 1245 HUGONE
1191 1190 1402 1255 ejusdem
1425 1190 1620 1238 ecclefie
1643 1191 1878 1255 episcopo.

422 1269 476 1317 In
503 1270 749 1318 Britannia
782 1277 921 1318 natus
945 1269 1014 1318 est
1039 1269 1287 1318 ARTURUS
1312 1270 1434 1318 filius
1461 1269 1682 1318 Gaufridi
1711 1270 1910 1319 Comitis
1934 1271 2036 1336 iiij0.
2062 1271 2290 1320 kalendas

356 1348 532 1413 Aprilis
559 1349 708 1415 [Mar.
729 1348 835 1413 29],
859 1349 1003 1399 nocte
1027 1349 1201 1398 scilicet
1224 1349 1374 1397 sancti
1398 1348 1585 1413 pasche,
1611 1348 1670 1396 de
1699 1349 2004 1398 Constantiab
2026 1350 2120 1399 filia
2147 1350 2290 1399 MAR—

355 1444 553 1484 GABETE
580 1429 746 1481 sororis
772 1428 1018 1481 Malcolmi
1043 1435 1090 1476 et
1119 1427 1345 1477 Willelmi
1368 1445 1535 1493 regum
1564 1428 1849 1476 Scottorum.

424 1507 588 1563 Turci,
615 1508 714 1561 Dei
739 1508 931 1563 inimici,
957 1507 1230 1559 Nazaream
1262 1507 1507 1556 ecclefiam
1538 1508 1700 1556 sancte
1738 1507 1892 1556 Marie
1926 1508 2216 1556 violaverunt
2245 1517 2291 1557 et

352 1587 524 1635 multos
549 1586 823 1634 occiderunt
847 1594 894 1634 et
925 1586 1147 1652 magister
1179 1585 1437 1651 Hospitalis
1468 1586 1532 1634 ibi
1567 1587 1745 1635 occisus
1770 1587 1837 1634 est
1868 1604 1975 1635 cum
1998 1605 2041 1635 v.
2067 1588 2290 1636 militibus

352 1673 399 1714 et
424 1666 526 1714 aliis
550 1666 707 1714 multis
731 1666 779 1713 in
803 1665 880 1713 die
905 1660 1221 1730 apostolorum
1248 1665 1451 1730 Philippi
1475 1673 1523 1713 et
1547 1665 1575 1714 J
1580 1666 1715 1713 acobi
1744 1666 1886 1730 [Maij
1919 1666 1985 1730 1].

420 1745 525 1794 Rex
550 1744 796 1797 Babilonis
825 1745 1079 1793 Saladinus
1115 1761 1223 1792 cum
1246 1745 1372 1792 lxxx.
1398 1744 1586 1792 milibus
1620 1745 1820 1792 militum
1846 1752 1893 1792 et
1917 1761 1974 1793 eo
2000 1745 2198 1810 amplius
2222 1747 2289 1793 se-

353 1825 515 1890 quenti
540 1825 616 1872 die
642 1824 841 1872 Veneris
864 1824 968 1889 post
990 1824 1160 1872 festum
1187 1823 1521 1888 Apostolorum
1548 1824 1674 1871 Petri
1699 1831 1746 1872 et
1774 1824 1908 1871 Pauli
1937 1824 2053 1888 [Jul.
2079 1824 2131 1888 3]
2164 1825 2288 1873 Iero-

353 1905 601 1953 solimitani
626 1903 760 1970 regni
784 1911 958 1952 terram
986 1902 1164 1958 invafit,
1190 1910 1238 1950 et
1265 1902 1523 1967 Tyberiam
1547 1903 1591 1950 vi
1616 1903 1756 1966 cepit,
1782 1910 1944 1950 contra
1968 1920 2087 1967 quos
2110 1920 2191 1951 rex
2219 1904 2289 1951 Ie-

353 1983 697 2032 rosolimitanus
729 1998 838 2031 cum
870 1982 962 2030 suis
993 1981 1208 2046 proceflit
1240 1981 1302 2029 ad
1334 1981 1510 2029 bellum
1541 1982 1697 2029 versus
1730 1981 1973 2029 Tabarum
2001 1998 2083 2045 per
2114 1982 2289 2030 dietam

353 2079 511 2111 unam.
575 2061 796 2126 Cumque
822 2061 883 2110 ad
907 2061 1193 2110 eminentem
1218 2068 1265 2110 et
1288 2062 1501 2109 saxosum
1524 2060 1749 2108 veniffent
1772 2061 1929 2108 locum
1952 2060 2033 2108 ubi
2057 2078 2183 2117 vero,
2207 2062 2290 2109 im-

352 2141 638 2190 minentibus
660 2141 871 2190 hostibus
889 2141 1099 2206 undique
1123 2140 1392 2189 necestitate
1412 2140 1691 2205 compulsus,
1711 2156 1792 2188 rex
1810 2140 1870 2188 de
1894 2140 2123 2188 baronum
2148 2140 2289 2189 confi-

353 2221 416 2269 lio
435 2221 611 2270 bellum
631 2221 924 2269 committere
944 2220 1140 2285 dignum
1159 2219 1305 2267 duxit.
1364 2220 1416 2267 In
1433 2236 1528 2283 quo
1545 2219 1651 2266 loco
1673 2219 1925 2267 Saladinus
1944 2236 2025 2267 rex
2044 2236 2150 2266 cum
2168 2219 2291 2267 tubis

353 2307 402 2348 et
424 2301 604 2349 infinita
635 2300 934 2348 multitudine
959 2299 1240 2347 bellatorum
1272 2299 1319 2346 in
1348 2298 1653 2354 Christianos,
1685 2299 1767 2363 qui
1790 2306 1978 2364 propter
2001 2299 2107 2347 loca
2131 2300 2289 2347 saxosa

354 2385 401 2427 et
425 2379 550 2427 invia
567 2396 782 2445 pugnare
806 2395 901 2427 non
925 2386 1158 2444 poterant,
1180 2378 1396 2427 affultum
1415 2379 1644 2434 fecerunt,
1665 2386 1711 2426 et
1731 2395 1811 2427 eos
1830 2379 1956 2427 omni
1981 2378 2184 2426 bellandi
2208 2396 2289 2444 ge-

353 2474 466 2505 nere
501 2458 897 2523 impugnaverunt
926 2465 974 2506 et
1009 2464 1414 2523 expugnaverunt.
1487 2457 1707 2505 Tandem
1742 2458 2046 2506 Tochedinus
2079 2457 2288 2506 Saladini

355 2553 504 2601 nepos
535 2553 698 2602 regem
720 2538 914 2603 fugamc
945 2537 1260 2602 arripientem,
1286 2544 1333 2585 et
1365 2553 1552 2585 crucem
1585 2536 1805 2584 dominici
1836 2537 1951 2601 ligni
1981 2536 2120 2600 cepit,
2145 2537 2286 2584 ceteri

355 2632 519 2664 omnes
537 2616 635 2663 fere
660 2616 906 2672 confracti,
926 2617 1067 2680 capti,
1093 2623 1140 2664 et
1164 2616 1398 2671 trucidati,
1418 2623 1465 2663 et
1488 2615 1683 2664 vinculis
1702 2615 1954 2680 mancipati
1974 2616 2091 2662 sunt.
2156 2615 2286 2663 Sala-

355 2695 491 2742 dinus
514 2694 670 2742 statim
693 2695 857 2742 militie
885 2694 1073 2760 Templi
1099 2702 1146 2743 et
1167 2694 1424 2760 Hospitalis
1447 2695 1618 2743 milites
1636 2695 1870 2760 segregari
1895 2695 2006 2743 fecit
2031 2695 2091 2744 ab
2115 2695 2216 2743 aliis
2241 2703 2287 2742 et

353 2790 514 2822 coram
538 2774 585 2821 se
609 2773 885 2838 decapitari.
939 2774 1041 2838 Ipse
1066 2775 1254 2839 propria
1277 2790 1420 2821 manu
1444 2774 1703 2838 principem
1726 2773 2009 2822 Reinaldum
2027 2774 2086 2821 de
2109 2773 2286 2821 Castel-

353 2852 477 2900 lione
506 2852 768 2907 interfecit;
807 2859 855 2900 et
885 2853 1082 2901 fratrum
1106 2852 1166 2900 de
1193 2852 1413 2917 Templo,
1438 2859 1490 2900 ut
1518 2853 1564 2900 in
1597 2852 1791 2900 veritate
1815 2852 1992 2908 dicunt,
2017 2853 2185 2901 eodem
2209 2852 2284 2900 die

412 2990 445 3006 ⁸³
475 2991 532 3026 He
556 2991 627 3026 had
651 2992 742 3026 been
768 2990 903 3026 elected
928 2991 964 3025 in
994 2993 1095 3026 1154.
1155 2991 1272 3026 Chron.
1296 2992 1332 3025 S.
1355 2986 1479 3032 Crucis,
1508 3002 1543 3036 p.
1573 2992 1629 3025 32.
1684 2991 1750 3026 See
1775 2990 1908 3026 further
1931 2991 2064 3026 notices
2090 2990 2132 3026 of
2154 2991 2225 3026 him
2251 2992 2285 3026 in

349 3047 546 3092 Brompton,
567 3046 646 3082 coll.
663 3048 764 3087 1103,
784 3048 885 3086 1108,
905 3048 1007 3080 1111.
1129 3045 1146 3066 ¹²
1175 3046 1374 3081 Constance
1391 3057 1462 3080 was
1480 3045 1553 3080 sole
1571 3045 1740 3090 daughter
1756 3046 1825 3081 and
1843 3046 1917 3081 heir
1933 3046 1975 3081 of
1988 3047 2111 3082 Conan
2127 3047 2160 3081 le
2180 3046 2284 3087 Petit,

349 3102 456 3142 Duke
473 3102 516 3138 of
528 3102 698 3149 Brittany‚
718 3101 800 3137 who
817 3101 898 3137 died
920 3102 956 3136 in
977 3103 1080 3140 1171.
1129 3103 1250 3148 Dugd.
1269 3103 1397 3136 Baron.
1416 3102 1439 3136 i.
1460 3102 1505 3139 78
1516 3116 1526 3142 5
1553 3113 1612 3136 see
1631 3102 1760 3136 Hoved.
1782 3105 1863 3137 361.
2033 3101 2047 3117 ⁶
2078 3102 2144 3138 See
2163 3102 2283 3142 L’Art‚

349 3174 384 3198 v.
401 3163 460 3205 67,
478 3166 561 3198 Θνο.
614 3162 650 3198 Α
666 3162 804 3198 eurious
821 3162 1057 3208 unpublished
1079 3162 1192 3203 letter,
1221 3162 1383 3208 detailing
1399 3162 1460 3197 the
1485 3162 1686 3208 particulars
1711 3161 1753 3197 of
1770 3162 1896 3203 defeat,
1920 3162 1949 3197 is
1966 3163 2152 3209 preserved
2173 3163 2210 3197 in
2225 3162 2289 3197 the

351 3217 501 3260 arundel
517 3218 616 3264 MS.
636 3219 716 3259 227,
735 3217 796 3253 fol.
819 3220 882 3252 131
894 3232 904 3258 ;
930 3229 990 3253 see
1013 3217 1087 3253 also
1108 3218 1265 3259 Gervase,
1285 3217 1351 3253 col.
1375 3219 1476 3258 1502,
1498 3218 1626 3252 Hoved.
1647 3219 1727 3258 361,
1755 3218 1814 3254 M.
1835 3219 1946 3260 Paris,
1969 3220 2047 3260 100,
2071 3219 2136 3254 but
2156 3218 2287 3264 especi-

349 3272 419 3319 ally
434 3273 496 3310 the
513 3286 597 3321 very
613 3273 773 3310 valuable
795 3273 987 3309 Geschz'chte
1003 3275 1062 3308 der
1080 3273 1273 3320 Kreuzzv'ige
1285 3286 1348 3309 von
1363 3274 1408 3308 F.
1431 3274 1571 3312 Willcen,
1589 3273 1634 3307 iii.
1655 3275 1734 3308 269.
