2852 3874
2 3863 14 3874 r
3 3793 12 3854 *ae-
2 3591 15 3774 .-.v*--ae—v·0-.-J·...v

713 935 1278 1004 CHRONICA
1347 937 1486 1002 DE
1562 937 2065 1006 MAILROS.

413 1299 825 1374 POSTQUAM
858 1318 1090 1367 veridicus
1125 1317 1543 1384 hystoriographus
1581 1325 1628 1366 et
1665 1317 1833 1366 doetor
1871 1318 2085 1374 eximius,
2122 1318 2267 1368 decus
2299 1328 2346 1368 et

409 1397 560 1462 gloria
583 1397 752 1446 nostrae
776 1399 948 1464 gentis,
975 1397 1112 1447 Beda
1139 1399 1436 1454 venerabilis,
1461 1398 1661 1447 scribere
1686 1397 1891 1453 cessavit,
1923 1415 2018 1446 non
2042 1399 2218 1447 inventi
2242 1400 2346 1447 sunt

408 1477 571 1542 aliqui,
596 1485 828 1542 quantum
852 1478 1145 1543 perpendere
1169 1479 1425 1544 potuimus,
1451 1478 1566 1527 certi
1589 1478 1664 1526 vel
1689 1478 1898 1526 continui
1921 1478 2163 1534 relatores,
2188 1480 2269 1543 qui
2298 1480 2345 1527 in

408 1572 638 1604 annorum
657 1564 705 1605 et
724 1564 991 1622 temporum
1015 1558 1262 1606 eventibus
1285 1558 1554 1613 recitandis,
1571 1565 1619 1606 et
1644 1557 1704 1605 ad
1722 1556 2039 1606 instruendam
2063 1557 2345 1622 posteritatis

405 1635 573 1683 nostrae
604 1636 922 1701 ignorantiam
947 1644 994 1685 et
1026 1637 1292 1686 dubietates
1318 1637 1469 1685 aetatis
1498 1637 1639 1701 hujus
1663 1637 1854 1684 omnino
1878 1637 2128 1692 tollendas,
2155 1638 2345 1702 qualem

405 1715 612 1770 deceret,
631 1732 825 1780 operam
848 1716 1192 1781 impenderent.
1256 1716 1400 1772 Quod
1425 1716 1867 1770 animadvertentes,
1893 1723 2123 1780 quantum
2147 1717 2345 1781 pigricia

403 1794 560 1841 nostra
594 1796 837 1858 permittit,
868 1795 1212 1858 aliquantulam
1237 1795 1452 1843 dedimus
1488 1812 1682 1860 operam
1716 1796 1783 1843 rei
1817 1795 2079 1850 veritatem,
2112 1803 2343 1859 quantum

402 1873 613 1920 sufficere
637 1873 892 1936 potuimus,
919 1873 1170 1938 diligenter
1193 1874 1437 1938 indagare.
1510 1873 1589 1921 Ab
1614 1890 1671 1921 eo
1695 1875 1838 1938 igitur
1866 1881 2094 1937 tempore,
2119 1874 2167 1921 id
2191 1874 2258 1922 est
2282 1875 2342 1922 ab

400 1951 473 1999 his
497 1951 646 1999 tribus
670 1952 805 1999 annis
829 1952 1000 2016 quibus
1035 1952 1287 2015 praedictus
1311 1959 1359 1998 et
1393 1951 1673 1997 venerabilis
1699 1951 1951 2014 Gyrvenfis
1974 1950 2065 1998 five
2093 1951 2344 2001 Weretmi-

400 2030 595 2078 thenfisa
617 2029 885 2078 monasterii
921 2029 1159 2094 presbyter
1188 2036 1236 2077 et
1270 2028 1531 2076 monachus
1558 2027 1693 2076 Beda
1716 2029 1859 2077 finem
1888 2030 2002 2077 fecit
2030 2031 2244 2086 recitare,
2276 2033 2342 2080 se-

400 2111 517 2158 riem
542 2117 590 2158 et
624 2109 797 2157 statum
832 2116 1116 2173 temporum,
1153 2108 1411 2156 breviflime
1446 2115 1623 2162 tamen,
1660 2107 1907 2156 decurrere
1944 2110 2262 2174 aggredimur,
2294 2120 2341 2160 et

400 2190 461 2237 ab
486 2189 626 2255 ipfius
653 2188 801 2239 Bedae
824 2188 978 2237 verbis
1003 2188 1248 2236 exordium
1273 2188 1511 2243 sumimus,
1531 2204 1732 2252 quorum
1755 2188 1879 2236 hanc
1903 2187 1994 2236 effe
2018 2189 2219 2237 formam
2244 2206 2339 2238 cer-

399 2268 564 2317 tiflime
589 2268 786 2318 constat.

467 2348 647 2396 Annob
676 2349 924 2397 dominicae
948 2349 1282 2397 incarnationis
1306 2347 1716 2414 septingentesimo
1754 2348 1939 2395 xxx⁰.i⁰.
1982 2347 2337 2398 Berhetwaldus

400 2428 776 2493 archiepiscopus
799 2428 946 2493 longa
971 2428 1273 2493 consumptus
1298 2435 1438 2476 aetate
1454 2427 1709 2475 defunetus
1734 2427 1801 2475 est
1820 2427 1896 2475 die
1920 2436 1984 2475 v0.
2011 2427 2174 2475 iduum
2190 2427 2219 2476 J
2222 2445 2335 2476 anu-

400 2507 500 2561 arii,
521 2506 572 2571 [J
575 2523 650 2555 an.
668 2507 721 2572 9]
742 2507 822 2572 qui
838 2508 956 2556 sedit
976 2524 1124 2556 annos
1143 2507 1314 2556 xxxvii.
1331 2507 1513 2555 menses
1528 2507 1588 2554 vi.
1606 2506 1706 2554 dies
1722 2506 1834 2571 xiiij.
1889 2506 1981 2554 Pro
2001 2524 2096 2571 quo
2117 2524 2240 2554 anno
2257 2525 2334 2556 eo-

398 2586 507 2633 dem
522 2586 677 2634 factus
693 2585 760 2634 est
778 2587 1153 2652 archiepiscopus
1171 2586 1403 2635 vocabulo
1423 2585 1666 2634 Tatwinus
1690 2585 1749 2634 de
1767 2586 2008 2651 provincia
2028 2585 2332 2642 Merciorum‚

398 2681 507 2712 curn
521 2663 675 2712 fuisset
689 2665 926 2730 presbyter
940 2666 988 2713 in
1003 2666 1284 2715 monasterio
1301 2666 1429 2731 quod
1444 2673 1638 2714 vocatur
1650 2665 1899 2713 Briodun.c
1938 2665 2251 2714 Consecratus
2267 2666 2334 2714 est

396 2744 444 2790 in
472 2742 735 2791 Doroverni
754 2744 943 2792 civitate
963 2762 991 2792 a
1009 2745 1117 2794 viris
1140 2745 1487 2794 venerabilibus
1513 2744 1718 2793 Daniele
1741 2744 1999 2799 Wentano,
2020 2752 2067 2791 et
2090 2744 2330 2808 Ingwaldo

400 2822 735 2878 Lundonienfi,
772 2830 819 2870 et
846 2822 1030 2871 Alwido
1058 2824 1463 2879 Lichesseldenfi‚d
1498 2832 1546 2872 et
1579 2823 1777 2871 Aldulfo
1805 2822 1996 2871 Rofenfi
2032 2822 2328 2878 antistitibus,

396 2902 473 2950 die
498 2920 542 2950 x.
569 2901 598 2950 J
601 2902 697 2950 unii
721 2901 905 2957 mensis,
931 2902 1195 2958 dominica3
1231 2903 1298 2951 vir
1326 2903 1571 2967 relligione
1596 2910 1643 2949 et
1677 2901 1928 2966 prudentia
1958 2900 2164 2966 insignis,
2189 2901 2328 2950 sacris

396 2998 588 3046 quoque
611 2981 776 3029 litteris
799 2981 1017 3030 nobiliter
1035 2981 1312 3030 instruEtuS.
1387 2981 1555 3046 Itaque
1571 2981 1619 3028 in
1646 2979 1860 3045 praesenti
1884 2979 2088 3028 ecclesiis
2117 2978 2326 3028 Cantua-

441 3134 456 3149 ὃ
480 3134 809 3170 Weremuthensis?
962 3135 978 3155 ι’
1000 3135 1079 3170 The
1099 3134 1276 3181 following
1299 3146 1443 3181 passage
1467 3135 1496 3170 is
1522 3134 1628 3170 taken
1652 3133 1741 3169 from
1765 3132 1827 3167 the
1847 3133 1939 3168 Hist.
1959 3132 2055 3167 Eccl.
2073 3131 2097 3166 l.
2118 3144 2151 3167 v.
2171 3144 2246 3179 cap.
2267 3136 2323 3174 24,

393 3190 464 3225 and
486 3190 548 3225 has
571 3191 662 3225 been
679 3190 830 3226 collated
845 3190 931 3225 with
956 3203 977 3226 a
1004 3191 1084 3226 MS.
1104 3191 1146 3226 of
1163 3191 1225 3227 the
1245 3190 1365 3237 eighth
1385 3196 1540 3236 century,
1561 3190 1658 3226 Mus.
1677 3190 1768 3224 Brit.
1791 3187 1962 3228 Tiberius,
1989 3187 2029 3222 C.
2048 3186 2082 3227 ii,
2109 3186 2169 3222 fol.
2192 3190 2322 3225 152.·b.

394 3245 495 3282 these
512 3246 651 3282 various
677 3246 834 3293 readings
860 3258 919 3283 are
944 3246 1007 3282 the
1031 3246 1151 3282 result.
1298 3245 1311 3262 ⁶
1334 3245 1526 3282 Brinduun.
1673 3245 1690 3266 ‘²
1711 3243 1865 3280 Alduino
1893 3241 2169 3279 Liccetfeldensi.

957 3324 988 3356 A
