2846 3874
129 1988 188 2023 fol.
210 1991 265 2023 36.
286 1989 318 2022 b.

373 488 506 539 A.D.
539 490 681 543 1219.
740 441 744 444 '
859 484 1287 536 CHRONICA
1330 484 1432 552 DE
1481 483 1868 535 MAILROS.
2221 491 2312 542 137

368 628 578 678 Ducenti
602 627 795 694 quidem
820 627 947 693 apud
966 627 1239 677 descensum
1262 627 1388 693 regis
1410 625 1826 692 Ierosolymitani,W
1843 626 2022 692 fugatis
2040 626 2310 675 custodibus

365 708 519 758 foffati
543 709 625 774 qui
649 707 819 774 vigiliis
842 708 1115 773 prefuerant
1139 707 1221 756 ubi
1244 707 1486 762 intrarent,
1511 714 1559 756 et
1582 706 1754 772 gladiis
1777 713 1825 755 et
1849 706 2048 755 cultellis
2071 707 2310 762 ferientes,

365 788 490 843 viam
515 789 576 837 ad
594 788 833 837 civitatem
856 804 1121 853 praeparare
1140 787 1223 835 fibi
1248 794 1430 835 armata
1453 803 1598 835 manu
1615 786 1908 842 nitebantur3
1938 786 2156 835 dominus
2173 785 2310 851 fiqui-

366 867 476 916 dem
510 885 592 916 rex
616 885 724 916 cum
755 868 848 917 suis
882 868 930 915 in
958 867 1121 916 sabulo
1153 867 1234 914 illa
1266 866 1411 914 noG’oe
1442 866 1682 915 manebat.
1755 866 1931 914 Divina
1964 867 2126 932 itaque
2158 866 2312 932 gratia

364 947 558 1012 strepitu
582 947 896 996 invalescente
914 946 1085 1012 vulgus
1103 962 1354 994 commune
1371 945 1728 1011 peregrinorum
1753 963 2002 995 accurrens
2021 946 2127 994 c.xl.
2149 963 2311 994 eorum

364 1027 537 1075 occidit
562 1034 609 1075 et
632 1027 694 1074 xl.
716 1025 985 1091 captivavit,
1005 1042 1158 1073 c.xxx.
1180 1024 1387 1073 abdicati
1407 1025 1645 1073 civitatem
1670 1025 1972 1074 intraverunt.
2022 1026 2152 1074 Nam
2176 1026 2311 1074 sociis

364 1123 527 1155 eorum
550 1105 828 1160 interfefi'cis,
853 1104 937 1169 ipfi
959 1105 1107 1153 tercia
1130 1104 1207 1152 die
1232 1104 1455 1169 captivati
1479 1104 1527 1151 in
1552 1104 1740 1152 civitate
1772 1105 1924 1152 miseri
1949 1106 2129 1170 semper
2151 1122 2311 1153 mane-

365 1186 481 1233 bunt
505 1185 776 1250 compediti.
852 1183 1014 1232 Ceteri
1038 1201 1166 1240 vero,
1192 1184 1274 1249 qui
1299 1184 1623 1248 captivitatem
1647 1191 1695 1231 et
1719 1184 1931 1249 gladium
1956 1186 2213 1240 evaserant,
2243 1202 2312 1233 re-

363 1264 476 1313 verfi
510 1265 570 1313 ad
601 1264 880 1320 Soldanum,
906 1281 1000 1329 que
1030 1264 1142 1312 acta
1174 1264 1363 1312 fuerant
1395 1263 1665 1312 narrabant.
1740 1264 1897 1312 Prima
1929 1265 2072 1330 igitur
2105 1265 2181 1313 die
2206 1282 2313 1312 cum

362 1353 503 1410 capta
526 1345 616 1393 fuit
641 1345 804 1393 civitas
831 1344 1071 1399 Damiete‚
1096 1344 1311 1409 sequenti
1335 1344 1480 1392 Ποᾶὶθ
1511 1343 1707 1392 Soldani
1733 1345 1966 1392 exercitus
1991 1345 2140 1392 castra
2163 1361 2313 1393 remo-

362 1442 475 1473 vens
500 1425 559 1473 de
583 1425 690 1473 loco
715 1426 797 1473 suo
823 1424 990 1472 Nilum
1016 1424 1246 1480 ascendit;
1271 1423 1353 1472 ubi
1377 1431 1618 1478 maneant,
1637 1424 1711 1471 vel
1735 1424 1850 1488 quid
1874 1424 2137 1479 intendant,
2158 1425 2313 1472 adhuc

364 1506 651 1570 ignoramus.
715 1505 939 1552 Preterea
962 1504 1110 1552 latere
1135 1521 1218 1552 vos
1242 1503 1477 1559 nolumus,
1504 1503 1633 1568 quod
1658 1511 1768 1551 ante
1793 1504 2062 1569 captionem
2090 1504 2312 1552 Damiete

362 1585 520 1632 nuncii
546 1584 725 1632 soldani
749 1583 993 1631 nobiscum
1012 1584 1302 1648 colloquium
1325 1583 1609 1638 habuerunt,
1630 1591 1677 1631 et
1696 1601 1885 1631 omnem
1904 1592 2077 1632 terram
2101 1585 2313 1633 sanfi'cam

362 1663 498 1712 nobis
523 1663 719 1729 reddere
743 1663 1007 1718 voluerunt,
1044 1670 1199 1727 preter
1231 1663 1325 1711 duo
1351 1662 1516 1718 castra,
1547 1663 1671 1710 Crac
1696 1670 1743 1710 et
1769 1663 2027 1719 Muntreal,
2054 1664 2113 1712 de
2143 1664 2314 1728 quibus

364 1744 507 1791 etiam
544 1751 798 1808 proventus
837 1743 1081 1790 annuatim
1121 1742 1395 1791 Christianis
1434 1743 1630 1791 reddere
1668 1743 1915 1799 voluerint,
1952 1744 2179 1809 quamdiu
2220 1761 2312 1808 pax

366 1823 568 1871 duraret.
644 1823 837 1888 Insuper
862 1839 1026 1871 omnes
1051 1823 1263 1887 captivos
1291 1822 1613 1870 Christianos”
1689 1860 2117 1871 ......
2128 1833 2149 1852 ³³

434 1982 576 2030 Anno
604 1983 798 2031 Domini
823 2000 1034 2031 M.cc.xx.
1055 1999 1206 2030 nonas
1233 1981 1409 2047 Aprilis
1438 1981 1579 2046 [Apr.
1601 1982 1652 2046 5]
1682 1982 1798 2029 obiit
1823 1982 2056 2047 dompnus
2083 1983 2313 2031 Ricardus

366 2061 513 2110 abbas
532 2062 591 2110 de
612 2062 895 2122 Neubotilff
913 2063 989 2111 cui
1008 2062 1219 2110 succeffit
1238 2062 1472 2127 dompnus
1490 2061 1721 2109 Ricardus
1746 2063 1870 2126 prior
1894 2062 2104 2126 ejusdem
2129 2063 2311 2111 domus.

434 2142 487 2189 In
523 2142 722 2190 crastino
755 2143 1032 2191 ofitavarum
1067 2142 1195 2190 Petri
1232 2150 1279 2190 et
1314 2141 1450 2189 Pauli
1488 2140 1606 2205 [Jul.
1643 2141 1693 2206 7]
1731 2141 1950 2190 transsate
1982 2143 2086 2189 sunt
2118 2143 2313 2207 reliquie

364 2221 492 2270 beati
520 2221 707 2270 Thome
732 2223 962 2287 martyris,
988 2222 1123 2287 cujus
1146 2221 1460 2270 transsationis
1485 2221 1586 2270 dies
1611 2222 1657 2268 in
1683 2221 1940 2269 cismarinis
1965 2221 2175 2286 partibus
2199 2239 2314 2286 prae-

365 2302 532 2366 cipitur
556 2302 719 2350 haberi
744 2302 975 2350 festivus.y

430 2381 513 2445 iiij.
539 2398 690 2430 nonas
723 2382 1012 2430 Nouembris
1041 2382 1191 2447 [Nov.
1218 2382 1269 2447 2]
1299 2382 1534 2447 dompnus
1561 2381 1843 2430 Radulfusyy
1871 2382 2018 2429 abbas
2043 2382 2102 2429 de
2131 2383 2312 2437 Kinlos‚

365 2460 531 2524 plenus
569 2461 750 2509 dierum
784 2461 1031 2517 bonorum,
1067 2463 1115 2510 in
1150 2463 1395 2510 senestute
1427 2462 1592 2510 san&a
1625 2462 1684 2510 de
1716 2462 1865 2516 terris,
1900 2470 1951 2509 ut
1983 2462 2232 2516 credimus,
2266 2462 2311 2509 in

366 2539 521 2587 celum
551 2540 918 2605 transmigravit3
961 2542 1035 2589 cui
1068 2541 1276 2589 succeffit
1308 2542 1355 2588 in
1389 2558 1502 2589 cura
1533 2541 1775 2606 regiminis
1807 2541 2041 2606 dompnus
2077 2540 2312 2589 Robertus

367 2618 516 2666 abbas
540 2619 716 2683 primus
735 2619 794 2667 de
816 2619 964 2684 Der‚†
980 2620 1086 2668 loco
1106 2621 1240 2686 cujus
1265 2621 1448 2669 electus
1467 2620 1534 2668 est
1557 2621 1605 2668 in
1631 2620 1855 2668 abbatem
1879 2621 1938 2668 de
1961 2621 2060 2668 Der
2080 2620 2312 2686 dompnus

369 2698 641 2745 Alexander
665 2698 789 2762 prior
813 2699 873 2747 de
901 2699 1082 2748 Kinlos.

435 2777 490 2824 In
514 2785 638 2825 terra
661 2777 815 2825 nostre
840 2778 1143 2827 redemtionis
1167 2796 1225 2827 ex
1249 2779 1339 2827 hac
1362 2780 1468 2827 luce
1500 2780 1720 2845 migravit
1745 2780 1805 2828 ad
1830 2788 2002 2828 terram
2027 2780 2181 2828 divine
2206 2798 2311 2845 pro-

366 2855 600 2911 mifflonis,
627 2864 677 2904 ut
703 2856 952 2912 credimus,
984 2858 1206 2923 magister
1233 2857 1468 2907 Robertus
1493 2858 1553 2906 de
1582 2858 1810 2914 Curzun,z
1842 2860 2009 2923 plenus
2032 2859 2124 2907 fide
2150 2860 2310 2908 catho-

367 2936 474 2991 lica,
509 2936 765 2985 adornatus
788 2936 1036 2985 virtutibus
1067 2945 1115 2985 et
1146 2937 1396 3002 sapientia3
1433 2939 1567 3002 cujus
1598 2938 1775 2986 meritis
1807 2938 1934 3002 apud
1961 2938 2140 2994 Deum,
2173 2948 2311 3004 prout

370 3016 533 3064 dicunt
557 3016 666 3064 inde
691 3016 958 3072 redeuntes,
985 3016 1149 3065 crebra
1172 3017 1289 3064 fiunt
1313 3024 1361 3064 et
1383 3033 1560 3082 magna
1583 3017 1824 3065 miracula.

431 3122 453 3137 '
479 3123 575 3158 John
593 3124 637 3159 de
657 3123 818 3158 Brienne.
1018 3123 1034 3138 ¹
1065 3124 1144 3158 The
1161 3124 1334 3158 narrative
1351 3123 1435 3158 here
1452 3124 1641 3159 concludes
1659 3124 1830 3171 abrupssy,
1850 3124 1913 3159 the
1929 3124 2013 3160 folio
2029 3125 2132 3171 being
2147 3124 2307 3167 finished,

370 3178 440 3214 and
455 3179 518 3214 the
535 3180 670 3225 subject
686 3186 750 3214 not
766 3179 939 3214 resumed.
1086 3182 1101 3199 *
1123 3179 1165 3213 In
1182 3179 1243 3214 the
1261 3179 1391 3225 margin
1411 3184 1435 3199 ‘⁶
1449 3180 1555 3214 abbas
1573 3179 1618 3214 de
1638 3180 1816 3215 Neubotle
1831 3180 1901 3216 ix.'’
2044 3180 2060 3200 '
2079 3181 2119 3215 In
2137 3180 2199 3216 the
2217 3189 2311 3218 cata-

367 3234 469 3279 logue
486 3234 529 3269 of
539 3234 647 3270 saints
664 3235 700 3269 in
719 3235 840 3276 L’Art‚
862 3235 915 3270 his
932 3234 1138 3270 translation
1154 3235 1183 3269 is
1201 3235 1276 3270 said
1291 3241 1329 3270 to
1345 3236 1390 3270 be
1408 3247 1504 3281 upon
1522 3235 1585 3273 7th
1598 3236 1619 3270 J
1622 3235 1682 3282 uly
1696 3238 1798 3271 1222.
1853 3237 1920 3272 See
1936 3236 2010 3272 also
2025 3237 2176 3278 For-dun,
2195 3238 2230 3273 ii.
2249 3241 2309 3278 16;

372 3289 561 3336 Knyghtm,
581 3290 648 3326 col.
668 3292 773 3326 2428.
1000 3289 1034 3310 Π
1055 3290 1275 3337 Concerning
1291 3291 1361 3326 this
1383 3291 1585 3332 individual,
1613 3303 1672 3326 see
1690 3292 1843 3333 Fordun,
1863 3292 1898 3327 ii.
1917 3294 1975 3327 44.
2029 3292 2070 3327 In
2087 3292 2149 3328 the
2166 3293 2307 3339 margin,

372 3349 395 3363 “
409 3345 515 3380 abbas
533 3345 577 3381 de
597 3346 721 3382 Kinlos
738 3346 819 3393 iiij.'’
963 3348 982 3391 †
1010 3346 1051 3382 In
1067 3346 1130 3382 the
1147 3347 1276 3393 margin
1297 3351 1320 3367 ‘⁶
1333 3346 1368 3394 ij.
1388 3347 1495 3382 abbas
1512 3347 1556 3383 de
1575 3347 1703 3383 Dere.'’
1848 3347 1861 3362 ¹
1893 3348 1960 3384 See
1978 3349 2162 3390 Cim-onius,
2182 3349 2216 3384 ii.
2237 3350 2293 3386 37.

933 3425 956 3456 S
