<?xml version="1.0" encoding="UTF-8"?>
<!DOCTYPE html PUBLIC "-//W3C//DTD XHTML 1.0 Transitional//EN"
    "http://www.w3.org/TR/xhtml1/DTD/xhtml1-transitional.dtd">
<html xmlns="http://www.w3.org/1999/xhtml" xml:lang="en" lang="en">
 <head>
  <title>
</title>
<meta http-equiv="Content-Type" content="text/html;charset=utf-8" />
  <meta name='ocr-system' content='tesseract 3.04.00' />
  <meta name='ocr-capabilities' content='ocr_page ocr_carea ocr_par ocr_line ocrx_word'/>
</head>
<body>
  <div class='ocr_page' id='page_1' title='image "./chronicdemailros00melruoft_0074.png"; bbox 0 0 2852 3874; ppageno 0'>
   <div class='ocr_carea' id='block_1_1' title="bbox 534 470 2453 538">
    <p class='ocr_par' dir='ltr' id='par_1_1' title="bbox 534 470 2453 538">
     <span class='ocr_line' id='line_1_1' title="bbox 534 470 2453 538; baseline -0.003 -7"><span class='ocrx_word' id='word_1_1' title='bbox 534 487 612 531; x_wconf 65' lang='grc' dir='ltr'><strong>40Δ</strong></span> <span class='ocrx_word' id='word_1_2' title='bbox 964 475 1386 527; x_wconf 88' lang='lat' dir='ltr'>CHRONICA</span> <span class='ocrx_word' id='word_1_3' title='bbox 1430 473 1530 522; x_wconf 91' lang='lat' dir='ltr'><strong>DE</strong></span> <span class='ocrx_word' id='word_1_4' title='bbox 1576 470 1962 538; x_wconf 16' lang='lat' dir='ltr'><strong>MAIVLROS.</strong></span> <span class='ocrx_word' id='word_1_5' title='bbox 2154 474 2286 524; x_wconf 86' lang='lat' dir='ltr'><strong>A.D.</strong></span> <span class='ocrx_word' id='word_1_6' title='bbox 2311 479 2453 525; x_wconf 87' lang='lat'>1001.</span> 
     </span>
    </p>
   </div>
   <div class='ocr_carea' id='block_1_2' title="bbox 540 605 2492 2806">
    <p class='ocr_par' dir='ltr' id='par_1_2' title="bbox 540 605 2468 1073">
     <span class='ocr_line' id='line_1_2' title="bbox 606 605 2460 679; baseline -0.003 -13"><span class='ocrx_word' id='word_1_7' title='bbox 606 618 747 666; x_wconf 91' lang='lat' dir='ltr'><strong>Anno</strong></span> <span class='ocrx_word' id='word_1_8' title='bbox 771 616 859 664; x_wconf 57' lang='lat' dir='ltr'><strong>mi.</strong></span> <span class='ocrx_word' id='word_1_9' title='bbox 883 627 1177 679; x_wconf 86' lang='lat' dir='ltr'><strong>paganorum</strong></span> <span class='ocrx_word' id='word_1_10' title='bbox 1200 610 1430 658; x_wconf 87' lang='lat' dir='ltr'><strong>exercitus</strong></span> <span class='ocrx_word' id='word_1_11' title='bbox 1453 609 1513 656; x_wconf 92' lang='lat' dir='ltr'><strong>de</strong></span> <span class='ocrx_word' id='word_1_12' title='bbox 1533 606 1830 656; x_wconf 82' lang='lat' dir='ltr'><strong>Normannia</strong></span> <span class='ocrx_word' id='word_1_13' title='bbox 1849 605 2077 672; x_wconf 86' lang='lat' dir='ltr'><strong>Angliam</strong></span> <span class='ocrx_word' id='word_1_14' title='bbox 2099 609 2333 665; x_wconf 66' lang='lat' dir='ltr'><strong>revectus,</strong></span> <span class='ocrx_word' id='word_1_15' title='bbox 2354 611 2460 660; x_wconf 88' lang='lat' dir='ltr'><strong>hos·</strong></span> 
     </span>
     <span class='ocr_line' id='line_1_3' title="bbox 540 684 2462 756; baseline -0.005 -10"><span class='ocrx_word' id='word_1_16' title='bbox 540 698 657 746; x_wconf 90' lang='lat' dir='ltr'><strong>tium</strong></span> <span class='ocrx_word' id='word_1_17' title='bbox 679 693 904 743; x_wconf 79' lang='lat' dir='ltr'><strong>fluminise</strong></span> <span class='ocrx_word' id='word_1_18' title='bbox 926 690 1200 756; x_wconf 87' lang='lat' dir='ltr'><strong>ingreditur,</strong></span> <span class='ocrx_word' id='word_1_19' title='bbox 1225 696 1272 736; x_wconf 92' lang='lat' dir='ltr'><strong>et</strong></span> <span class='ocrx_word' id='word_1_20' title='bbox 1296 687 1460 735; x_wconf 89' lang='lat' dir='ltr'><strong>urbem</strong></span> <span class='ocrx_word' id='word_1_21' title='bbox 1486 685 1759 734; x_wconf 85' lang='lat' dir='ltr'><strong>Excestram</strong></span> <span class='ocrx_word' id='word_1_22' title='bbox 1791 684 1936 732; x_wconf 87' lang='lat' dir='ltr'><strong>nichil</strong></span> <span class='ocrx_word' id='word_1_23' title='bbox 1958 685 2255 749; x_wconf 86' lang='lat' dir='ltr'><strong>proficientes</strong></span> <span class='ocrx_word' id='word_1_24' title='bbox 2283 703 2462 755; x_wconf 84' lang='lat' dir='ltr'><strong>expug-</strong></span> 
     </span>
     <span class='ocr_line' id='line_1_4' title="bbox 542 763 2466 832; baseline -0.003 -11"><span class='ocrx_word' id='word_1_25' title='bbox 542 783 671 829; x_wconf 82' lang='lat' dir='ltr'><strong>nant,</strong></span> <span class='ocrx_word' id='word_1_26' title='bbox 696 772 819 820; x_wconf 89' lang='lat' dir='ltr'><strong>unde</strong></span> <span class='ocrx_word' id='word_1_27' title='bbox 842 769 979 817; x_wconf 91' lang='lat' dir='ltr'><strong>nimis</strong></span> <span class='ocrx_word' id='word_1_28' title='bbox 1002 769 1301 832; x_wconf 86' lang='lat' dir='ltr'><strong>exasperatus</strong></span> <span class='ocrx_word' id='word_1_29' title='bbox 1324 782 1454 814; x_wconf 89' lang='lat' dir='ltr'><strong>more</strong></span> <span class='ocrx_word' id='word_1_30' title='bbox 1477 764 1611 813; x_wconf 88' lang='lat' dir='ltr'><strong>solito</strong></span> <span class='ocrx_word' id='word_1_31' title='bbox 1634 763 1767 812; x_wconf 88' lang='lat' dir='ltr'><strong>villas</strong></span> <span class='ocrx_word' id='word_1_32' title='bbox 1790 763 2133 819; x_wconf 89' lang='lat' dir='ltr'><strong>succendendo,</strong></span> <span class='ocrx_word' id='word_1_33' title='bbox 2158 781 2298 831; x_wconf 88' lang='lat' dir='ltr'><strong>agros</strong></span> <span class='ocrx_word' id='word_1_34' title='bbox 2321 766 2466 832; x_wconf 91' lang='lat' dir='ltr'><strong>depo-</strong></span> 
     </span>
     <span class='ocr_line' id='line_1_5' title="bbox 542 843 2465 919; baseline -0.003 -18"><span class='ocrx_word' id='word_1_35' title='bbox 542 851 762 919; x_wconf 87' lang='lat' dir='ltr'><strong>pulando,</strong></span> <span class='ocrx_word' id='word_1_36' title='bbox 786 848 999 897; x_wconf 91' lang='lat' dir='ltr'><strong>homines</strong></span> <span class='ocrx_word' id='word_1_37' title='bbox 1023 847 1235 896; x_wconf 91' lang='lat' dir='ltr'><strong>cedendo</strong></span> <span class='ocrx_word' id='word_1_38' title='bbox 1259 863 1342 911; x_wconf 93' lang='lat' dir='ltr'><strong>per</strong></span> <span class='ocrx_word' id='word_1_39' title='bbox 1367 844 1719 910; x_wconf 87' lang='lat' dir='ltr'><strong>Dompnaniam</strong></span> <span class='ocrx_word' id='word_1_40' title='bbox 1747 850 1975 909; x_wconf 61' lang='lat' dir='ltr'><strong>vagatum</strong></span> <span class='ocrx_word' id='word_1_41' title='bbox 1999 860 2146 908; x_wconf 88' lang='lat' dir='ltr'><strong>quare</strong></span> <span class='ocrx_word' id='word_1_42' title='bbox 2172 843 2465 911; x_wconf 91' lang='lat' dir='ltr'><strong>Dompnani-</strong></span> 
     </span>
     <span class='ocr_line' id='line_1_6' title="bbox 542 922 2468 989; baseline -0.003 -9"><span class='ocrx_word' id='word_1_43' title='bbox 542 932 671 980; x_wconf 89' lang='lat' dir='ltr'><strong>enses</strong></span> <span class='ocrx_word' id='word_1_44' title='bbox 700 938 747 978; x_wconf 90' lang='lat' dir='ltr'><strong>et</strong></span> <span class='ocrx_word' id='word_1_45' title='bbox 780 927 1229 977; x_wconf 86' lang='lat' dir='ltr'><strong>Sumerfietunenses</strong></span> <span class='ocrx_word' id='word_1_46' title='bbox 1258 926 1304 974; x_wconf 90' lang='lat' dir='ltr'><strong>in</strong></span> <span class='ocrx_word' id='word_1_47' title='bbox 1337 940 1482 973; x_wconf 91' lang='lat' dir='ltr'><strong>unum</strong></span> <span class='ocrx_word' id='word_1_48' title='bbox 1520 922 1837 989; x_wconf 79' lang='lat' dir='ltr'><strong>congregati,d</strong></span> <span class='ocrx_word' id='word_1_49' title='bbox 1867 930 2106 971; x_wconf 88' lang='lat' dir='ltr'><strong>certamen</strong></span> <span class='ocrx_word' id='word_1_50' title='bbox 2138 940 2246 971; x_wconf 88' lang='lat' dir='ltr'><strong>cum</strong></span> <span class='ocrx_word' id='word_1_51' title='bbox 2274 925 2342 973; x_wconf 90' lang='lat' dir='ltr'><strong>eis</strong></span> <span class='ocrx_word' id='word_1_52' title='bbox 2369 925 2468 974; x_wconf 91' lang='lat' dir='ltr'><strong>ine-</strong></span> 
     </span>
     <span class='ocr_line' id='line_1_7' title="bbox 544 1001 2411 1073; baseline -0.003 -16"><span class='ocrx_word' id='word_1_53' title='bbox 544 1018 654 1065; x_wconf 88' lang='lat' dir='ltr'><strong>unt;</strong></span> <span class='ocrx_word' id='word_1_54' title='bbox 694 1007 839 1073; x_wconf 89' lang='lat' dir='ltr'><strong>Angli</strong></span> <span class='ocrx_word' id='word_1_55' title='bbox 863 1024 972 1055; x_wconf 89' lang='lat' dir='ltr'><strong>vero</strong></span> <span class='ocrx_word' id='word_1_56' title='bbox 996 1014 1131 1070; x_wconf 89' lang='lat' dir='ltr'><strong>terga</strong></span> <span class='ocrx_word' id='word_1_57' title='bbox 1154 1011 1388 1053; x_wconf 89' lang='lat' dir='ltr'><strong>vertentes</strong></span> <span class='ocrx_word' id='word_1_58' title='bbox 1411 1004 1578 1068; x_wconf 90' lang='lat' dir='ltr'><strong>fugam</strong></span> <span class='ocrx_word' id='word_1_59' title='bbox 1602 1003 1780 1058; x_wconf 88' lang='lat' dir='ltr'><strong>ineunt,</strong></span> <span class='ocrx_word' id='word_1_60' title='bbox 1806 1009 1853 1051; x_wconf 87' lang='lat' dir='ltr'><strong>et</strong></span> <span class='ocrx_word' id='word_1_61' title='bbox 1876 1001 2031 1050; x_wconf 89' lang='lat' dir='ltr'><strong>hostes</strong></span> <span class='ocrx_word' id='word_1_62' title='bbox 2054 1002 2257 1052; x_wconf 59' lang='lat' dir='ltr'><strong>victores</strong></span> <span class='ocrx_word' id='word_1_63' title='bbox 2279 1004 2411 1052; x_wconf 91' lang='lat' dir='ltr'><strong>fiunt.</strong></span> 
     </span>
    </p>

    <p class='ocr_par' dir='ltr' id='par_1_3' title="bbox 547 1081 2470 1232">
     <span class='ocr_line' id='line_1_8' title="bbox 613 1081 2470 1150; baseline -0.002 -14"><span class='ocrx_word' id='word_1_64' title='bbox 613 1088 754 1136; x_wconf 91' lang='lat' dir='ltr'><strong>Anno</strong></span> <span class='ocrx_word' id='word_1_65' title='bbox 777 1086 884 1150; x_wconf 88' lang='lat' dir='ltr'><strong>M.ij.</strong></span> <span class='ocrx_word' id='word_1_66' title='bbox 911 1103 990 1134; x_wconf 89' lang='lat' dir='ltr'><strong>rex</strong></span> <span class='ocrx_word' id='word_1_67' title='bbox 1017 1084 1281 1150; x_wconf 90' lang='lat' dir='ltr'><strong>Anglorum</strong></span> <span class='ocrx_word' id='word_1_68' title='bbox 1307 1082 1551 1131; x_wconf 77' lang='lat' dir='ltr'><strong>Eilredus⁰</strong></span> <span class='ocrx_word' id='word_1_69' title='bbox 1573 1081 1736 1130; x_wconf 84' lang='lat' dir='ltr'><strong>habito</strong></span> <span class='ocrx_word' id='word_1_70' title='bbox 1767 1098 1874 1130; x_wconf 93' lang='lat' dir='ltr'><strong>cum</strong></span> <span class='ocrx_word' id='word_1_71' title='bbox 1897 1081 1989 1129; x_wconf 89' lang='lat' dir='ltr'><strong>suis</strong></span> <span class='ocrx_word' id='word_1_72' title='bbox 2013 1081 2217 1138; x_wconf 90' lang='lat' dir='ltr'><strong>confilio,</strong></span> <span class='ocrx_word' id='word_1_73' title='bbox 2242 1100 2326 1147; x_wconf 93' lang='lat' dir='ltr'><strong>pro</strong></span> <span class='ocrx_word' id='word_1_74' title='bbox 2350 1101 2470 1148; x_wconf 89' lang='lat' dir='ltr'><strong>pace</strong></span> 
     </span>
     <span class='ocr_line' id='line_1_9' title="bbox 547 1161 1797 1232; baseline -0.003 -16"><span class='ocrx_word' id='word_1_75' title='bbox 547 1168 751 1217; x_wconf 87' lang='lat' dir='ltr'><strong>tenenda</strong></span> <span class='ocrx_word' id='word_1_76' title='bbox 775 1161 954 1232; x_wconf 55' lang='lat' dir='ltr'><strong>x—xiissjffl.</strong></span> <span class='ocrx_word' id='word_1_77' title='bbox 985 1166 1184 1231; x_wconf 82' lang='lat'><strong>[24,000</strong></span> <span class='ocrx_word' id='word_1_78' title='bbox 1207 1166 1311 1231; x_wconf 93' lang='lat' dir='ltr'><strong>lib.]</strong></span> <span class='ocrx_word' id='word_1_79' title='bbox 1340 1166 1599 1231; x_wconf 91' lang='lat' dir='ltr'><strong>persolvere</strong></span> <span class='ocrx_word' id='word_1_80' title='bbox 1623 1165 1797 1213; x_wconf 87' lang='lat' dir='ltr'><strong>statuit.</strong></span> 
     </span>
    </p>

    <p class='ocr_par' dir='ltr' id='par_1_4' title="bbox 551 1243 2471 1388">
     <span class='ocr_line' id='line_1_10' title="bbox 616 1243 2471 1311; baseline 0.001 -17"><span class='ocrx_word' id='word_1_81' title='bbox 616 1246 800 1294; x_wconf 93' lang='lat' dir='ltr'><strong>Eodem</strong></span> <span class='ocrx_word' id='word_1_82' title='bbox 836 1263 958 1294; x_wconf 91' lang='lat' dir='ltr'><strong>anno</strong></span> <span class='ocrx_word' id='word_1_83' title='bbox 987 1263 1067 1294; x_wconf 87' lang='lat' dir='ltr'><strong>rex</strong></span> <span class='ocrx_word' id='word_1_84' title='bbox 1097 1245 1314 1294; x_wconf 91' lang='lat' dir='ltr'><strong>Eilredus</strong></span> <span class='ocrx_word' id='word_1_85' title='bbox 1349 1261 1542 1293; x_wconf 90' lang='lat' dir='ltr'><strong>uxorem</strong></span> <span class='ocrx_word' id='word_1_86' title='bbox 1570 1244 1701 1291; x_wconf 87' lang='lat' dir='ltr'><strong>duxit</strong></span> <span class='ocrx_word' id='word_1_87' title='bbox 1732 1243 1967 1299; x_wconf 88' lang='lat' dir='ltr'><strong>Emmam,</strong></span> <span class='ocrx_word' id='word_1_88' title='bbox 1999 1243 2202 1309; x_wconf 90' lang='lat' dir='ltr'><strong>Anglice</strong></span> <span class='ocrx_word' id='word_1_89' title='bbox 2233 1244 2471 1311; x_wconf 85' lang='lat' dir='ltr'><strong>Elfgivam</strong></span> 
     </span>
     <span class='ocr_line' id='line_1_11' title="bbox 551 1323 1924 1388; baseline -0.003 -15"><span class='ocrx_word' id='word_1_90' title='bbox 551 1333 784 1380; x_wconf 88' lang='lat' dir='ltr'><strong>vocatam,</strong></span> <span class='ocrx_word' id='word_1_91' title='bbox 812 1325 961 1373; x_wconf 88' lang='lat' dir='ltr'><strong>Ducis</strong></span> <span class='ocrx_word' id='word_1_92' title='bbox 986 1325 1037 1372; x_wconf 97' lang='lat' dir='ltr'>N</span> <span class='ocrx_word' id='word_1_93' title='bbox 1039 1340 1368 1373; x_wconf 87' lang='lat' dir='ltr'><strong>ormannorum</strong></span> <span class='ocrx_word' id='word_1_94' title='bbox 1394 1323 1583 1371; x_wconf 88' lang='lat' dir='ltr'><strong>Ricardi</strong></span> <span class='ocrx_word' id='word_1_95' title='bbox 1607 1324 1742 1388; x_wconf 92' lang='lat' dir='ltr'><strong>primi</strong></span> <span class='ocrx_word' id='word_1_96' title='bbox 1766 1323 1924 1370; x_wconf 88' lang='lat' dir='ltr'><strong>filiam.</strong></span> 
     </span>
    </p>

    <p class='ocr_par' dir='ltr' id='par_1_5' title="bbox 554 1401 2476 1611">
     <span class='ocr_line' id='line_1_12' title="bbox 621 1401 2475 1468; baseline 0.001 -16"><span class='ocrx_word' id='word_1_97' title='bbox 621 1405 824 1452; x_wconf 88' lang='lat' dir='ltr'><strong>Adulfus</strong></span> <span class='ocrx_word' id='word_1_98' title='bbox 851 1404 1157 1452; x_wconf 89' lang='lat' dir='ltr'><strong>Eboracenfis</strong></span> <span class='ocrx_word' id='word_1_99' title='bbox 1182 1403 1555 1467; x_wconf 84' lang='lat' dir='ltr'><strong>archiepiscopus</strong></span> <span class='ocrx_word' id='word_1_100' title='bbox 1579 1401 1675 1449; x_wconf 84' lang='lat' dir='ltr'><strong>offa</strong></span> <span class='ocrx_word' id='word_1_101' title='bbox 1704 1402 1753 1450; x_wconf 88' lang='lat' dir='ltr'><strong>S.</strong></span> <span class='ocrx_word' id='word_1_102' title='bbox 1775 1401 1976 1449; x_wconf 87' lang='lat' dir='ltr'><strong>Oswaldi</strong></span> <span class='ocrx_word' id='word_1_103' title='bbox 1995 1402 2330 1468; x_wconf 88' lang='lat' dir='ltr'><strong>archipraesulis</strong></span> <span class='ocrx_word' id='word_1_104' title='bbox 2353 1423 2380 1453; x_wconf 93' lang='lat' dir='ltr'><strong>e</strong></span> <span class='ocrx_word' id='word_1_105' title='bbox 2403 1414 2475 1454; x_wconf 85' lang='lat' dir='ltr'><strong>tu·</strong></span> 
     </span>
     <span class='ocr_line' id='line_1_13' title="bbox 554 1480 2476 1547; baseline 0.001 -15"><span class='ocrx_word' id='word_1_106' title='bbox 554 1484 681 1532; x_wconf 89' lang='lat' dir='ltr'><strong>mulo</strong></span> <span class='ocrx_word' id='word_1_107' title='bbox 704 1484 875 1532; x_wconf 91' lang='lat' dir='ltr'><strong>levavit</strong></span> <span class='ocrx_word' id='word_1_108' title='bbox 900 1492 947 1531; x_wconf 88' lang='lat' dir='ltr'><strong>et</strong></span> <span class='ocrx_word' id='word_1_109' title='bbox 971 1484 1018 1535; x_wconf 92' lang='lat' dir='ltr'><strong>in</strong></span> <span class='ocrx_word' id='word_1_110' title='bbox 1042 1483 1206 1533; x_wconf 91' lang='lat' dir='ltr'><strong>scrinio</strong></span> <span class='ocrx_word' id='word_1_111' title='bbox 1241 1482 1494 1532; x_wconf 87' lang='lat' dir='ltr'><strong>honorifice</strong></span> <span class='ocrx_word' id='word_1_112' title='bbox 1519 1480 1707 1536; x_wconf 87' lang='lat' dir='ltr'><strong>locavit,</strong></span> <span class='ocrx_word' id='word_1_113' title='bbox 1732 1488 1779 1528; x_wconf 89' lang='lat' dir='ltr'><strong>et</strong></span> <span class='ocrx_word' id='word_1_114' title='bbox 1807 1496 1901 1529; x_wconf 91' lang='lat' dir='ltr'><strong>non</strong></span> <span class='ocrx_word' id='word_1_115' title='bbox 1937 1481 2084 1529; x_wconf 88' lang='lat' dir='ltr'><strong>multo</strong></span> <span class='ocrx_word' id='word_1_116' title='bbox 2109 1482 2211 1547; x_wconf 91' lang='lat' dir='ltr'><strong>post</strong></span> <span class='ocrx_word' id='word_1_117' title='bbox 2245 1483 2376 1539; x_wconf 86' lang='lat' dir='ltr'><strong>obiit,</strong></span> <span class='ocrx_word' id='word_1_118' title='bbox 2402 1487 2476 1533; x_wconf 90' lang='lat' dir='ltr'><strong>cui</strong></span> 
     </span>
     <span class='ocr_line' id='line_1_14' title="bbox 554 1562 1211 1611; baseline 0 -1"><span class='ocrx_word' id='word_1_119' title='bbox 554 1562 759 1610; x_wconf 85' lang='lat' dir='ltr'><strong>succeffit</strong></span> <span class='ocrx_word' id='word_1_120' title='bbox 784 1562 930 1610; x_wconf 88' lang='lat' dir='ltr'><strong>abbas</strong></span> <span class='ocrx_word' id='word_1_121' title='bbox 957 1562 1211 1611; x_wconf 84' lang='lat' dir='ltr'><strong>VVlstanus.</strong></span> 
     </span>
    </p>

    <p class='ocr_par' dir='ltr' id='par_1_6' title="bbox 557 1640 2485 2099">
     <span class='ocr_line' id='line_1_15' title="bbox 625 1640 2480 1708; baseline 0.002 -20"><span class='ocrx_word' id='word_1_122' title='bbox 625 1641 765 1689; x_wconf 90' lang='lat' dir='ltr'><strong>Anno</strong></span> <span class='ocrx_word' id='word_1_123' title='bbox 789 1641 912 1704; x_wconf 86' lang='lat' dir='ltr'><strong>M.iij.</strong></span> <span class='ocrx_word' id='word_1_124' title='bbox 940 1658 1019 1688; x_wconf 88' lang='lat' dir='ltr'><strong>rex</strong></span> <span class='ocrx_word' id='word_1_125' title='bbox 1046 1641 1291 1689; x_wconf 89' lang='lat' dir='ltr'><strong>Danorum</strong></span> <span class='ocrx_word' id='word_1_126' title='bbox 1322 1642 1508 1689; x_wconf 90' lang='lat' dir='ltr'><strong>Suanus</strong></span> <span class='ocrx_word' id='word_1_127' title='bbox 1544 1641 1781 1689; x_wconf 88' lang='lat' dir='ltr'><strong>civitatem</strong></span> <span class='ocrx_word' id='word_1_128' title='bbox 1807 1640 2080 1688; x_wconf 88' lang='lat' dir='ltr'><strong>Excestram</strong></span> <span class='ocrx_word' id='word_1_129' title='bbox 2115 1642 2321 1707; x_wconf 86' lang='lat' dir='ltr'><strong>infregit,</strong></span> <span class='ocrx_word' id='word_1_130' title='bbox 2345 1644 2480 1708; x_wconf 91' lang='lat' dir='ltr'><strong>spoli-</strong></span> 
     </span>
     <span class='ocr_line' id='line_1_16' title="bbox 557 1719 2482 1784; baseline 0.002 -18"><span class='ocrx_word' id='word_1_131' title='bbox 557 1720 665 1774; x_wconf 85' lang='lat' dir='ltr'><strong>avit,</strong></span> <span class='ocrx_word' id='word_1_132' title='bbox 690 1736 873 1767; x_wconf 92' lang='lat' dir='ltr'><strong>murum</strong></span> <span class='ocrx_word' id='word_1_133' title='bbox 897 1719 1150 1775; x_wconf 82' lang='lat' dir='ltr'><strong>destruxit3</strong></span> <span class='ocrx_word' id='word_1_134' title='bbox 1198 1720 1367 1767; x_wconf 89' lang='lat' dir='ltr'><strong>deinde</strong></span> <span class='ocrx_word' id='word_1_135' title='bbox 1396 1720 1769 1768; x_wconf 87' lang='lat' dir='ltr'><strong>Wintoniensem</strong></span> <span class='ocrx_word' id='word_1_136' title='bbox 1798 1720 2113 1784; x_wconf 83' lang='lat' dir='ltr'><strong>provinciam3</strong></span> <span class='ocrx_word' id='word_1_137' title='bbox 2160 1721 2284 1769; x_wconf 94' lang='lat' dir='ltr'><strong>unde</strong></span> <span class='ocrx_word' id='word_1_138' title='bbox 2313 1721 2482 1771; x_wconf 87' lang='lat' dir='ltr'><strong>Wilto-</strong></span> 
     </span>
     <span class='ocr_line' id='line_1_17' title="bbox 558 1798 2482 1864; baseline 0.002 -18"><span class='ocrx_word' id='word_1_139' title='bbox 558 1799 737 1846; x_wconf 90' lang='lat' dir='ltr'><strong>nienses</strong></span> <span class='ocrx_word' id='word_1_140' title='bbox 761 1806 807 1846; x_wconf 89' lang='lat' dir='ltr'><strong>et</strong></span> <span class='ocrx_word' id='word_1_141' title='bbox 837 1798 1271 1847; x_wconf 87' lang='lat' dir='ltr'><strong>Suthamtunienses</strong></span> <span class='ocrx_word' id='word_1_142' title='bbox 1295 1799 1484 1847; x_wconf 89' lang='lat' dir='ltr'><strong>viriliter</strong></span> <span class='ocrx_word' id='word_1_143' title='bbox 1509 1807 1671 1847; x_wconf 85' lang='lat' dir='ltr'><strong>contra</strong></span> <span class='ocrx_word' id='word_1_144' title='bbox 1694 1799 1849 1846; x_wconf 91' lang='lat' dir='ltr'><strong>hostes</strong></span> <span class='ocrx_word' id='word_1_145' title='bbox 1874 1800 2167 1864; x_wconf 88' lang='lat' dir='ltr'><strong>congregati,</strong></span> <span class='ocrx_word' id='word_1_146' title='bbox 2192 1801 2312 1849; x_wconf 91' lang='lat' dir='ltr'><strong>duce</strong></span> <span class='ocrx_word' id='word_1_147' title='bbox 2340 1800 2482 1850; x_wconf 85' lang='lat' dir='ltr'><strong>Alfri-</strong></span> 
     </span>
     <span class='ocr_line' id='line_1_18' title="bbox 560 1877 2483 1942; baseline 0.002 -18"><span class='ocrx_word' id='word_1_148' title='bbox 560 1895 615 1925; x_wconf 87' lang='lat' dir='ltr'><strong>co</strong></span> <span class='ocrx_word' id='word_1_149' title='bbox 639 1894 826 1926; x_wconf 84' lang='lat' dir='ltr'><strong>vomere</strong></span> <span class='ocrx_word' id='word_1_150' title='bbox 851 1878 1101 1942; x_wconf 90' lang='lat' dir='ltr'><strong>incipiente</strong></span> <span class='ocrx_word' id='word_1_151' title='bbox 1126 1886 1173 1926; x_wconf 88' lang='lat' dir='ltr'><strong>et</strong></span> <span class='ocrx_word' id='word_1_152' title='bbox 1208 1878 1342 1927; x_wconf 87' lang='lat' dir='ltr'><strong>inerti</strong></span> <span class='ocrx_word' id='word_1_153' title='bbox 1367 1878 1616 1925; x_wconf 84' lang='lat' dir='ltr'><strong>timiditate</strong></span> <span class='ocrx_word' id='word_1_154' title='bbox 1651 1877 1952 1926; x_wconf 89' lang='lat' dir='ltr'><strong>vehementer</strong></span> <span class='ocrx_word' id='word_1_155' title='bbox 1987 1879 2223 1933; x_wconf 86' lang='lat' dir='ltr'><strong>exterrito,</strong></span> <span class='ocrx_word' id='word_1_156' title='bbox 2248 1879 2308 1926; x_wconf 89' lang='lat' dir='ltr'><strong>ab</strong></span> <span class='ocrx_word' id='word_1_157' title='bbox 2334 1880 2483 1928; x_wconf 92' lang='lat' dir='ltr'><strong>inimi-</strong></span> 
     </span>
     <span class='ocr_line' id='line_1_19' title="bbox 561 1956 2485 2021; baseline 0.001 -17"><span class='ocrx_word' id='word_1_158' title='bbox 561 1958 626 2004; x_wconf 88' lang='lat' dir='ltr'><strong>cis</strong></span> <span class='ocrx_word' id='word_1_159' title='bbox 649 1956 743 2003; x_wconf 89' lang='lat' dir='ltr'><strong>fine</strong></span> <span class='ocrx_word' id='word_1_160' title='bbox 767 1973 928 2021; x_wconf 89' lang='lat' dir='ltr'><strong>pugna</strong></span> <span class='ocrx_word' id='word_1_161' title='bbox 952 1956 1251 2004; x_wconf 88' lang='lat' dir='ltr'><strong>diverterunt.</strong></span> <span class='ocrx_word' id='word_1_162' title='bbox 1326 1957 1468 2012; x_wconf 86' lang='lat' dir='ltr'><strong>Quod</strong></span> <span class='ocrx_word' id='word_1_163' title='bbox 1492 1956 1654 2004; x_wconf 90' lang='lat' dir='ltr'><strong>videns</strong></span> <span class='ocrx_word' id='word_1_164' title='bbox 1683 1957 1870 2004; x_wconf 86' lang='lat' dir='ltr'><strong>Suanus</strong></span> <span class='ocrx_word' id='word_1_165' title='bbox 1895 1973 2002 2004; x_wconf 87' lang='lat' dir='ltr'><strong>cum</strong></span> <span class='ocrx_word' id='word_1_166' title='bbox 2026 1957 2107 2004; x_wconf 92' lang='lat' dir='ltr'><strong>suo</strong></span> <span class='ocrx_word' id='word_1_167' title='bbox 2132 1958 2338 2005; x_wconf 83' lang='lat' dir='ltr'><strong>exercitu</strong></span> <span class='ocrx_word' id='word_1_168' title='bbox 2367 1959 2485 2006; x_wconf 91' lang='lat' dir='ltr'><strong>Wil—</strong></span> 
     </span>
     <span class='ocr_line' id='line_1_20' title="bbox 563 2034 2155 2099; baseline 0.001 -18"><span class='ocrx_word' id='word_1_169' title='bbox 563 2035 740 2082; x_wconf 82' lang='lat' dir='ltr'><strong>toniam</strong></span> <span class='ocrx_word' id='word_1_170' title='bbox 765 2042 812 2082; x_wconf 89' lang='lat' dir='ltr'><strong>et</strong></span> <span class='ocrx_word' id='word_1_171' title='bbox 841 2034 1095 2082; x_wconf 85' lang='lat' dir='ltr'><strong>Sarbiriam</strong></span> <span class='ocrx_word' id='word_1_172' title='bbox 1120 2034 1380 2089; x_wconf 88' lang='lat' dir='ltr'><strong>consumfit,</strong></span> <span class='ocrx_word' id='word_1_173' title='bbox 1406 2043 1452 2082; x_wconf 90' lang='lat' dir='ltr'><strong>et</strong></span> <span class='ocrx_word' id='word_1_174' title='bbox 1476 2035 1638 2099; x_wconf 90' lang='lat' dir='ltr'><strong>postea</strong></span> <span class='ocrx_word' id='word_1_175' title='bbox 1660 2036 1765 2083; x_wconf 89' lang='lat' dir='ltr'><strong>suas</strong></span> <span class='ocrx_word' id='word_1_176' title='bbox 1788 2052 1932 2082; x_wconf 86' lang='lat' dir='ltr'><strong>naves</strong></span> <span class='ocrx_word' id='word_1_177' title='bbox 1956 2036 2155 2099; x_wconf 88' lang='lat' dir='ltr'><strong>repetiit.</strong></span> 
     </span>
    </p>

    <p class='ocr_par' dir='ltr' id='par_1_7' title="bbox 566 2113 2492 2806">
     <span class='ocr_line' id='line_1_21' title="bbox 634 2113 2487 2177; baseline 0.003 -18"><span class='ocrx_word' id='word_1_178' title='bbox 634 2113 774 2160; x_wconf 89' lang='lat' dir='ltr'><strong>Anno</strong></span> <span class='ocrx_word' id='word_1_179' title='bbox 797 2113 937 2177; x_wconf 89' lang='lat' dir='ltr'><strong>M.iiij.</strong></span> <span class='ocrx_word' id='word_1_180' title='bbox 963 2130 1043 2161; x_wconf 89' lang='lat' dir='ltr'><strong>rex</strong></span> <span class='ocrx_word' id='word_1_181' title='bbox 1069 2113 1314 2161; x_wconf 89' lang='lat' dir='ltr'><strong>Danorum</strong></span> <span class='ocrx_word' id='word_1_182' title='bbox 1344 2114 1530 2162; x_wconf 87' lang='lat' dir='ltr'><strong>Suanus</strong></span> <span class='ocrx_word' id='word_1_183' title='bbox 1565 2130 1672 2162; x_wconf 91' lang='lat' dir='ltr'><strong>cum</strong></span> <span class='ocrx_word' id='word_1_184' title='bbox 1695 2115 1777 2162; x_wconf 87' lang='lat' dir='ltr'><strong>sua</strong></span> <span class='ocrx_word' id='word_1_185' title='bbox 1812 2113 1949 2161; x_wconf 81' lang='lat' dir='ltr'><strong>claffe</strong></span> <span class='ocrx_word' id='word_1_186' title='bbox 1973 2113 2025 2161; x_wconf 97' lang='lat' dir='ltr'>N</span> <span class='ocrx_word' id='word_1_187' title='bbox 2027 2115 2162 2162; x_wconf 89' lang='lat' dir='ltr'><strong>orwic</strong></span> <span class='ocrx_word' id='word_1_188' title='bbox 2187 2116 2413 2165; x_wconf 64' lang='lat' dir='ltr'><strong>advectus</strong></span> <span class='ocrx_word' id='word_1_189' title='bbox 2437 2118 2487 2164; x_wconf 84' lang='lat' dir='ltr'><strong>il-</strong></span> 
     </span>
     <span class='ocr_line' id='line_1_22' title="bbox 566 2191 2488 2260; baseline 0.003 -22"><span class='ocrx_word' id='word_1_190' title='bbox 566 2192 660 2239; x_wconf 89' lang='lat' dir='ltr'><strong>lam</strong></span> <span class='ocrx_word' id='word_1_191' title='bbox 685 2191 939 2239; x_wconf 87' lang='lat' dir='ltr'><strong>devastavit</strong></span> <span class='ocrx_word' id='word_1_192' title='bbox 964 2200 1010 2239; x_wconf 87' lang='lat' dir='ltr'><strong>et</strong></span> <span class='ocrx_word' id='word_1_193' title='bbox 1034 2192 1254 2240; x_wconf 87' lang='lat' dir='ltr'><strong>incendit.</strong></span> <span class='ocrx_word' id='word_1_194' title='bbox 1328 2192 1465 2240; x_wconf 90' lang='lat' dir='ltr'><strong>Tunc</strong></span> <span class='ocrx_word' id='word_1_195' title='bbox 1500 2209 1672 2257; x_wconf 85' lang='lat' dir='ltr'><strong>magne</strong></span> <span class='ocrx_word' id='word_1_196' title='bbox 1707 2193 1990 2240; x_wconf 84' lang='lat' dir='ltr'><strong>strenuitatis</strong></span> <span class='ocrx_word' id='word_1_197' title='bbox 2026 2193 2120 2240; x_wconf 86' lang='lat' dir='ltr'><strong>dux</strong></span> <span class='ocrx_word' id='word_1_198' title='bbox 2157 2194 2488 2260; x_wconf 86' lang='lat' dir='ltr'><strong>Estanglorum</strong></span> 
     </span>
     <span class='ocr_line' id='line_1_23' title="bbox 571 2269 2490 2336; baseline 0.003 -19"><span class='ocrx_word' id='word_1_199' title='bbox 571 2269 802 2324; x_wconf 88' lang='lat' dir='ltr'><strong>Ulfketel,</strong></span> <span class='ocrx_word' id='word_1_200' title='bbox 828 2270 939 2334; x_wconf 90' lang='lat' dir='ltr'><strong>quia</strong></span> <span class='ocrx_word' id='word_1_201' title='bbox 963 2287 1021 2318; x_wconf 87' lang='lat' dir='ltr'><strong>ex</strong></span> <span class='ocrx_word' id='word_1_202' title='bbox 1053 2271 1296 2335; x_wconf 90' lang='lat' dir='ltr'><strong>improviso</strong></span> <span class='ocrx_word' id='word_1_203' title='bbox 1320 2271 1462 2326; x_wconf 87' lang='lat' dir='ltr'><strong>venit,</strong></span> <span class='ocrx_word' id='word_1_204' title='bbox 1494 2288 1582 2319; x_wconf 92' lang='lat' dir='ltr'><strong>nec</strong></span> <span class='ocrx_word' id='word_1_205' title='bbox 1612 2272 1811 2336; x_wconf 91' lang='lat' dir='ltr'><strong>spatium</strong></span> <span class='ocrx_word' id='word_1_206' title='bbox 1836 2272 2155 2336; x_wconf 88' lang='lat' dir='ltr'><strong>congregandi</strong></span> <span class='ocrx_word' id='word_1_207' title='bbox 2188 2281 2350 2321; x_wconf 87' lang='lat' dir='ltr'><strong>contra</strong></span> <span class='ocrx_word' id='word_1_208' title='bbox 2382 2291 2490 2322; x_wconf 92' lang='lat' dir='ltr'><strong>eum</strong></span> 
     </span>
     <span class='ocr_line' id='line_1_24' title="bbox 570 2348 2491 2416; baseline 0.003 -21"><span class='ocrx_word' id='word_1_209' title='bbox 570 2349 825 2396; x_wconf 88' lang='lat' dir='ltr'><strong>exercitum</strong></span> <span class='ocrx_word' id='word_1_210' title='bbox 848 2348 1027 2404; x_wconf 90' lang='lat' dir='ltr'><strong>habuit,</strong></span> <span class='ocrx_word' id='word_1_211' title='bbox 1052 2349 1213 2396; x_wconf 86' lang='lat' dir='ltr'><strong>habito</strong></span> <span class='ocrx_word' id='word_1_212' title='bbox 1238 2366 1344 2397; x_wconf 92' lang='lat' dir='ltr'><strong>cum</strong></span> <span class='ocrx_word' id='word_1_213' title='bbox 1368 2350 1459 2398; x_wconf 91' lang='lat' dir='ltr'><strong>suis</strong></span> <span class='ocrx_word' id='word_1_214' title='bbox 1483 2350 1670 2397; x_wconf 75' lang='lat' dir='ltr'><strong>consilio</strong></span> <span class='ocrx_word' id='word_1_215' title='bbox 1694 2367 1861 2414; x_wconf 89' lang='lat' dir='ltr'><strong>pacem</strong></span> <span class='ocrx_word' id='word_1_216' title='bbox 1886 2367 1993 2398; x_wconf 91' lang='lat' dir='ltr'><strong>cum</strong></span> <span class='ocrx_word' id='word_1_217' title='bbox 2021 2367 2079 2398; x_wconf 89' lang='lat' dir='ltr'><strong>eo</strong></span> <span class='ocrx_word' id='word_1_218' title='bbox 2103 2352 2311 2416; x_wconf 83' lang='lat' dir='ltr'><strong>pepigit3</strong></span> <span class='ocrx_word' id='word_1_219' title='bbox 2347 2370 2491 2416; x_wconf 84' lang='lat' dir='ltr'><strong>quam</strong></span> 
     </span>
     <span class='ocr_line' id='line_1_25' title="bbox 568 2427 2491 2491; baseline 0.003 -17"><span class='ocrx_word' id='word_1_220' title='bbox 568 2444 661 2474; x_wconf 91' lang='lat' dir='ltr'><strong>non</strong></span> <span class='ocrx_word' id='word_1_221' title='bbox 697 2427 843 2474; x_wconf 88' lang='lat' dir='ltr'><strong>multo</strong></span> <span class='ocrx_word' id='word_1_222' title='bbox 874 2427 990 2491; x_wconf 92' lang='lat' dir='ltr'><strong>post,</strong></span> <span class='ocrx_word' id='word_1_223' title='bbox 1027 2427 1334 2475; x_wconf 87' lang='lat' dir='ltr'><strong>Theodforda</strong></span> <span class='ocrx_word' id='word_1_224' title='bbox 1365 2435 1679 2483; x_wconf 84' lang='lat' dir='ltr'><strong>concremata,</strong></span> <span class='ocrx_word' id='word_1_225' title='bbox 1715 2446 1795 2476; x_wconf 90' lang='lat' dir='ltr'><strong>rex</strong></span> <span class='ocrx_word' id='word_1_226' title='bbox 1823 2429 2073 2476; x_wconf 86' lang='lat' dir='ltr'><strong>Danorum</strong></span> <span class='ocrx_word' id='word_1_227' title='bbox 2104 2430 2308 2478; x_wconf 89' lang='lat' dir='ltr'><strong>violavit.</strong></span> <span class='ocrx_word' id='word_1_228' title='bbox 2382 2432 2491 2487; x_wconf 86' lang='lat' dir='ltr'><strong>Quo</strong></span> 
     </span>
     <span class='ocr_line' id='line_1_26' title="bbox 571 2505 2492 2572; baseline 0.002 -18"><span class='ocrx_word' id='word_1_229' title='bbox 571 2506 776 2570; x_wconf 87' lang='lat' dir='ltr'><strong>cognito,</strong></span> <span class='ocrx_word' id='word_1_230' title='bbox 816 2505 1027 2553; x_wconf 88' lang='lat' dir='ltr'><strong>strenuus</strong></span> <span class='ocrx_word' id='word_1_231' title='bbox 1068 2506 1162 2553; x_wconf 88' lang='lat' dir='ltr'><strong>dux</strong></span> <span class='ocrx_word' id='word_1_232' title='bbox 1206 2505 1422 2554; x_wconf 88' lang='lat' dir='ltr'><strong>Ulfketel</strong></span> <span class='ocrx_word' id='word_1_233' title='bbox 1462 2508 1594 2554; x_wconf 90' lang='lat' dir='ltr'><strong>suum</strong></span> <span class='ocrx_word' id='word_1_234' title='bbox 1635 2515 2030 2572; x_wconf 64' lang='lat' dir='ltr'><strong>congregantes&amp;g</strong></span> <span class='ocrx_word' id='word_1_235' title='bbox 2068 2509 2338 2564; x_wconf 89' lang='lat' dir='ltr'><strong>exercitum,</strong></span> <span class='ocrx_word' id='word_1_236' title='bbox 2385 2527 2492 2558; x_wconf 88' lang='lat' dir='ltr'><strong>cum</strong></span> 
     </span>
     <span class='ocr_line' id='line_1_27' title="bbox 571 2584 2492 2650; baseline 0.003 -19"><span class='ocrx_word' id='word_1_237' title='bbox 571 2584 777 2632; x_wconf 87' lang='lat' dir='ltr'><strong>hostibus</strong></span> <span class='ocrx_word' id='word_1_238' title='bbox 796 2584 1023 2632; x_wconf 70' lang='lat' dir='ltr'><strong>audacter</strong></span> <span class='ocrx_word' id='word_1_239' title='bbox 1047 2585 1360 2650; x_wconf 88' lang='lat' dir='ltr'><strong>congreditur,</strong></span> <span class='ocrx_word' id='word_1_240' title='bbox 1379 2586 1628 2650; x_wconf 89' lang='lat' dir='ltr'><strong>multisque</strong></span> <span class='ocrx_word' id='word_1_241' title='bbox 1652 2603 1710 2633; x_wconf 86' lang='lat' dir='ltr'><strong>ex</strong></span> <span class='ocrx_word' id='word_1_242' title='bbox 1733 2586 1810 2633; x_wconf 90' lang='lat' dir='ltr'><strong>his·</strong></span> <span class='ocrx_word' id='word_1_243' title='bbox 1821 2593 1868 2633; x_wconf 86' lang='lat' dir='ltr'><strong>et</strong></span> <span class='ocrx_word' id='word_1_244' title='bbox 1887 2602 1944 2633; x_wconf 87' lang='lat' dir='ltr'><strong>ex</strong></span> <span class='ocrx_word' id='word_1_245' title='bbox 1968 2586 2056 2634; x_wconf 93' lang='lat' dir='ltr'><strong>illis</strong></span> <span class='ocrx_word' id='word_1_246' title='bbox 2075 2586 2204 2642; x_wconf 87' lang='lat' dir='ltr'><strong>cefis,</strong></span> <span class='ocrx_word' id='word_1_247' title='bbox 2226 2587 2357 2635; x_wconf 87' lang='lat' dir='ltr'><strong>Dani</strong></span> <span class='ocrx_word' id='word_1_248' title='bbox 2382 2605 2492 2637; x_wconf 91' lang='lat' dir='ltr'><strong>vero</strong></span> 
     </span>
     <span class='ocr_line' id='line_1_28' title="bbox 570 2663 2490 2732; baseline 0.003 -22"><span class='ocrx_word' id='word_1_249' title='bbox 570 2664 644 2710; x_wconf 91' lang='lat' dir='ltr'><strong>vix</strong></span> <span class='ocrx_word' id='word_1_250' title='bbox 677 2664 934 2718; x_wconf 88' lang='lat' dir='ltr'><strong>evaserunt,</strong></span> <span class='ocrx_word' id='word_1_251' title='bbox 967 2671 1013 2711; x_wconf 90' lang='lat' dir='ltr'><strong>et</strong></span> <span class='ocrx_word' id='word_1_252' title='bbox 1037 2671 1087 2711; x_wconf 90' lang='lat' dir='ltr'><strong>ut</strong></span> <span class='ocrx_word' id='word_1_253' title='bbox 1115 2663 1197 2728; x_wconf 91' lang='lat' dir='ltr'><strong>ipfi</strong></span> <span class='ocrx_word' id='word_1_254' title='bbox 1230 2664 1384 2712; x_wconf 85' lang='lat' dir='ltr'><strong>testati</strong></span> <span class='ocrx_word' id='word_1_255' title='bbox 1419 2665 1538 2720; x_wconf 85' lang='lat' dir='ltr'><strong>sunt,</strong></span> <span class='ocrx_word' id='word_1_256' title='bbox 1568 2665 1726 2715; x_wconf 89' lang='lat' dir='ltr'><strong>durius</strong></span> <span class='ocrx_word' id='word_1_257' title='bbox 1757 2664 1932 2713; x_wconf 88' lang='lat' dir='ltr'><strong>bellum</strong></span> <span class='ocrx_word' id='word_1_258' title='bbox 1967 2666 2013 2712; x_wconf 92' lang='lat' dir='ltr'><strong>in</strong></span> <span class='ocrx_word' id='word_1_259' title='bbox 2041 2665 2218 2730; x_wconf 87' lang='lat' dir='ltr'><strong>Anglia</strong></span> <span class='ocrx_word' id='word_1_260' title='bbox 2249 2683 2490 2732; x_wconf 85' lang='lat' dir='ltr'><strong>nunquam</strong></span> 
     </span>
     <span class='ocr_line' id='line_1_29' title="bbox 572 2742 889 2806; baseline -0.003 -16"><span class='ocrx_word' id='word_1_261' title='bbox 572 2742 748 2806; x_wconf 89' lang='lat' dir='ltr'><strong>experti</strong></span> <span class='ocrx_word' id='word_1_262' title='bbox 773 2742 889 2789; x_wconf 91' lang='lat' dir='ltr'><strong>sunt.</strong></span> 
     </span>
    </p>
   </div>
   <div class='ocr_carea' id='block_1_3' title="bbox 641 2820 1852 2887">
    <p class='ocr_par' dir='ltr' id='par_1_8' title="bbox 641 2820 1852 2887">
     <span class='ocr_line' id='line_1_30' title="bbox 641 2820 1852 2887; baseline 0.002 -20"><span class='ocrx_word' id='word_1_263' title='bbox 641 2820 771 2868; x_wconf 90' lang='lat' dir='ltr'><strong>Obiit</strong></span> <span class='ocrx_word' id='word_1_264' title='bbox 795 2837 919 2885; x_wconf 90' lang='lat' dir='ltr'><strong>papa</strong></span> <span class='ocrx_word' id='word_1_265' title='bbox 944 2820 1222 2877; x_wconf 71' lang='lat' dir='ltr'><strong>Johannes‚*¹</strong></span> <span class='ocrx_word' id='word_1_266' title='bbox 1247 2823 1320 2870; x_wconf 92' lang='lat' dir='ltr'><strong>cui</strong></span> <span class='ocrx_word' id='word_1_267' title='bbox 1345 2822 1551 2870; x_wconf 86' lang='lat' dir='ltr'><strong>successit</strong></span> <span class='ocrx_word' id='word_1_268' title='bbox 1577 2822 1852 2887; x_wconf 81' lang='lat' dir='ltr'><strong>Gregorius.</strong></span> 
     </span>
    </p>
   </div>
   <div class='ocr_carea' id='block_1_4' title="bbox 576 2967 2496 3182">
    <p class='ocr_par' dir='ltr' id='par_1_9' title="bbox 576 2967 2496 3182">
     <span class='ocr_line' id='line_1_31' title="bbox 620 2967 2496 3017; baseline 0.004 -17"><span class='ocrx_word' id='word_1_269' title='bbox 620 2967 632 2980; x_wconf 74' lang='lat'><em>⁰</em></span> <span class='ocrx_word' id='word_1_270' title='bbox 655 2967 818 3001; x_wconf 90' lang='lat' dir='ltr'><strong>Fluminis</strong></span> <span class='ocrx_word' id='word_1_271' title='bbox 838 2967 945 3002; x_wconf 82' lang='lat' dir='ltr'><strong>Eaxe.</strong></span> <span class='ocrx_word' id='word_1_272' title='bbox 974 2970 1010 3003; x_wconf 89' lang='lat' dir='ltr'><strong>S.</strong></span> <span class='ocrx_word' id='word_1_273' title='bbox 1028 2969 1189 3003; x_wconf 85' lang='lat' dir='ltr'><strong>Dunelm.</strong></span> <span class='ocrx_word' id='word_1_274' title='bbox 1217 2969 1283 3004; x_wconf 91' lang='lat' dir='ltr'><strong>col.</strong></span> <span class='ocrx_word' id='word_1_275' title='bbox 1306 2971 1383 3010; x_wconf 87' lang='lat'><strong>164,</strong></span> <span class='ocrx_word' id='word_1_276' title='bbox 1410 2976 1449 3004; x_wconf 87' lang='lat' dir='ltr'><strong>to</strong></span> <span class='ocrx_word' id='word_1_277' title='bbox 1469 2969 1767 3005; x_wconf 83' lang='lat' dir='ltr'><strong>Eaxan-muthan.</strong></span> <span class='ocrx_word' id='word_1_278' title='bbox 1796 2971 1877 3005; x_wconf 68' lang='lat' dir='ltr'><strong>Saae.</strong></span> <span class='ocrx_word' id='word_1_279' title='bbox 1905 2971 2024 3006; x_wconf 78' lang='lat' dir='ltr'><strong>Chron.</strong></span> <span class='ocrx_word' id='word_1_280' title='bbox 2049 2983 2084 3017; x_wconf 89' lang='lat' dir='ltr'><strong>p.</strong></span> <span class='ocrx_word' id='word_1_281' title='bbox 2107 2974 2185 3006; x_wconf 85' lang='lat'><strong>131.</strong></span> <span class='ocrx_word' id='word_1_282' title='bbox 2322 2971 2338 2991; x_wconf 87' lang='lat'><strong>‘¹</strong></span> <span class='ocrx_word' id='word_1_283' title='bbox 2359 2972 2399 3006; x_wconf 89' lang='lat' dir='ltr'><strong>In</strong></span> <span class='ocrx_word' id='word_1_284' title='bbox 2416 2973 2496 3008; x_wconf 91' lang='lat' dir='ltr'><strong>loco</strong></span> 
     </span>
     <span class='ocr_line' id='line_1_32' title="bbox 576 3021 2496 3072; baseline 0.005 -18"><span class='ocrx_word' id='word_1_285' title='bbox 576 3021 634 3065; x_wconf 86' lang='lat' dir='ltr'><strong>qui</strong></span> <span class='ocrx_word' id='word_1_286' title='bbox 651 3021 773 3061; x_wconf 71' lang='lat' dir='ltr'><strong>dicitur</strong></span> <span class='ocrx_word' id='word_1_287' title='bbox 792 3023 925 3058; x_wconf 87' lang='lat' dir='ltr'><strong>Penho.</strong></span> <span class='ocrx_word' id='word_1_288' title='bbox 954 3025 990 3058; x_wconf 82' lang='lat' dir='ltr'><strong>S.</strong></span> <span class='ocrx_word' id='word_1_289' title='bbox 1005 3025 1165 3059; x_wconf 83' lang='lat' dir='ltr'><strong>Dunelm.</strong></span> <span class='ocrx_word' id='word_1_290' title='bbox 1193 3024 1260 3060; x_wconf 87' lang='lat' dir='ltr'><strong>col.</strong></span> <span class='ocrx_word' id='word_1_291' title='bbox 1283 3027 1359 3066; x_wconf 88' lang='lat'><strong>164,</strong></span> <span class='ocrx_word' id='word_1_292' title='bbox 1387 3032 1434 3060; x_wconf 88' lang='lat' dir='ltr'><strong>aet</strong></span> <span class='ocrx_word' id='word_1_293' title='bbox 1453 3025 1637 3067; x_wconf 87' lang='lat' dir='ltr'><strong>Peonnho,</strong></span> <span class='ocrx_word' id='word_1_294' title='bbox 1658 3027 1872 3061; x_wconf 67' lang='lat' dir='ltr'><strong>Sw.Clzron.</strong></span> <span class='ocrx_word' id='word_1_295' title='bbox 1898 3039 1934 3072; x_wconf 91' lang='lat' dir='ltr'><strong>p.</strong></span> <span class='ocrx_word' id='word_1_296' title='bbox 1957 3029 2036 3062; x_wconf 82' lang='lat'><strong>131.</strong></span> <span class='ocrx_word' id='word_1_297' title='bbox 2077 3027 2170 3062; x_wconf 81' lang='lat' dir='ltr'><strong>Now</strong></span> <span class='ocrx_word' id='word_1_298' title='bbox 2189 3026 2275 3067; x_wconf 83' lang='lat' dir='ltr'><strong>Pen.</strong></span> <span class='ocrx_word' id='word_1_299' title='bbox 2302 3027 2337 3061; x_wconf 90' lang='lat' dir='ltr'><strong>in</strong></span> <span class='ocrx_word' id='word_1_300' title='bbox 2359 3028 2496 3063; x_wconf 86' lang='lat' dir='ltr'><strong>Somer-</strong></span> 
     </span>
     <span class='ocr_line' id='line_1_33' title="bbox 577 3074 2493 3128; baseline 0.003 -18"><span class='ocrx_word' id='word_1_301' title='bbox 577 3074 732 3110; x_wconf 83' lang='lat' dir='ltr'><strong>setshire.</strong></span> <span class='ocrx_word' id='word_1_302' title='bbox 888 3078 902 3092; x_wconf 73' lang='lat'>⁹</span> <span class='ocrx_word' id='word_1_303' title='bbox 922 3078 1123 3124; x_wconf 86' lang='lat' dir='ltr'><strong>Egelredus.</strong></span> <span class='ocrx_word' id='word_1_304' title='bbox 1151 3080 1187 3113; x_wconf 90' lang='lat' dir='ltr'><strong>S.</strong></span> <span class='ocrx_word' id='word_1_305' title='bbox 1207 3080 1367 3114; x_wconf 80' lang='lat' dir='ltr'><strong>Dunetm.</strong></span> <span class='ocrx_word' id='word_1_306' title='bbox 1398 3080 1465 3115; x_wconf 86' lang='lat' dir='ltr'><strong>col.</strong></span> <span class='ocrx_word' id='word_1_307' title='bbox 1488 3083 1566 3115; x_wconf 80' lang='lat'>164.</span> <span class='ocrx_word' id='word_1_308' title='bbox 1720 3080 1734 3100; x_wconf 72' lang='lat' dir='ltr'>s</span> <span class='ocrx_word' id='word_1_309' title='bbox 1748 3081 1851 3127; x_wconf 89' lang='lat' dir='ltr'><strong>Upon</strong></span> <span class='ocrx_word' id='word_1_310' title='bbox 1872 3081 2098 3126; x_wconf 75' lang='lat' dir='ltr'><strong>Wednesday</strong></span> <span class='ocrx_word' id='word_1_311' title='bbox 2121 3081 2184 3116; x_wconf 83' lang='lat' dir='ltr'><strong>the</strong></span> <span class='ocrx_word' id='word_1_312' title='bbox 2203 3080 2288 3115; x_wconf 82' lang='lat' dir='ltr'><strong>15th</strong></span> <span class='ocrx_word' id='word_1_313' title='bbox 2316 3081 2359 3116; x_wconf 88' lang='lat' dir='ltr'><strong>of</strong></span> <span class='ocrx_word' id='word_1_314' title='bbox 2383 3083 2493 3128; x_wconf 86' lang='lat' dir='ltr'><strong>April,</strong></span> 
     </span>
     <span class='ocr_line' id='line_1_34' title="bbox 580 3131 2495 3182; baseline 0.004 -19"><span class='ocrx_word' id='word_1_315' title='bbox 580 3131 680 3164; x_wconf 83' lang='lat'>1002.</span> <span class='ocrx_word' id='word_1_316' title='bbox 701 3131 736 3164; x_wconf 87' lang='lat' dir='ltr'><strong>S.</strong></span> <span class='ocrx_word' id='word_1_317' title='bbox 751 3131 909 3167; x_wconf 83' lang='lat' dir='ltr'><strong>Dunelm.</strong></span> <span class='ocrx_word' id='word_1_318' title='bbox 929 3133 994 3168; x_wconf 91' lang='lat' dir='ltr'><strong>col.</strong></span> <span class='ocrx_word' id='word_1_319' title='bbox 1016 3136 1094 3168; x_wconf 84' lang='lat'>164.</span> <span class='ocrx_word' id='word_1_320' title='bbox 1239 3134 1255 3155; x_wconf 75' lang='lat'>⁸</span> <span class='ocrx_word' id='word_1_321' title='bbox 1277 3135 1382 3180; x_wconf 90' lang='lat' dir='ltr'><strong>Upon</strong></span> <span class='ocrx_word' id='word_1_322' title='bbox 1394 3134 1537 3170; x_wconf 68' lang='lat' dir='ltr'><strong>theeth</strong></span> <span class='ocrx_word' id='word_1_323' title='bbox 1546 3135 1589 3170; x_wconf 83' lang='lat' dir='ltr'><strong>of</strong></span> <span class='ocrx_word' id='word_1_324' title='bbox 1603 3135 1687 3181; x_wconf 86' lang='lat' dir='ltr'><strong>May</strong></span> <span class='ocrx_word' id='word_1_325' title='bbox 1701 3135 1935 3182; x_wconf 79' lang='lat' dir='ltr'><strong>immediately</strong></span> <span class='ocrx_word' id='word_1_326' title='bbox 1944 3135 2130 3180; x_wconf 79' lang='lat' dir='ltr'><strong>following.</strong></span> <span class='ocrx_word' id='word_1_327' title='bbox 2158 3135 2288 3176; x_wconf 70' lang='lat' dir='ltr'><strong>Stubba,</strong></span> <span class='ocrx_word' id='word_1_328' title='bbox 2308 3136 2374 3171; x_wconf 88' lang='lat' dir='ltr'><strong>col.</strong></span> <span class='ocrx_word' id='word_1_329' title='bbox 2392 3139 2495 3173; x_wconf 84' lang='lat'><strong>1699.</strong></span> 
     </span>
    </p>
   </div>
   <div class='ocr_carea' id='block_1_5' title="bbox 579 3183 2497 3285">
    <p class='ocr_par' dir='ltr' id='par_1_10' title="bbox 579 3183 2497 3285">
     <span class='ocr_line' id='line_1_35' title="bbox 579 3183 2497 3274; baseline 0.005 -56"><span class='ocrx_word' id='word_1_330' title='bbox 579 3183 614 3274; x_wconf 62' lang='lat' dir='ltr'><strong>g</strong></span> <span class='ocrx_word' id='word_1_331' title='bbox 636 3184 878 3273; x_wconf 45' lang='lat' dir='ltr'><strong>Congrzgans?</strong></span> <span class='ocrx_word' id='word_1_332' title='bbox 1020 3188 1036 3207; x_wconf 84' lang='lat'><strong>¹¹</strong></span> <span class='ocrx_word' id='word_1_333' title='bbox 1057 3188 1154 3234; x_wconf 90' lang='lat' dir='ltr'><strong>Pope</strong></span> <span class='ocrx_word' id='word_1_334' title='bbox 1172 3188 1267 3224; x_wconf 84' lang='lat' dir='ltr'><strong>John</strong></span> <span class='ocrx_word' id='word_1_335' title='bbox 1288 3189 1367 3225; x_wconf 88' lang='lat' dir='ltr'><strong>XV.</strong></span> <span class='ocrx_word' id='word_1_336' title='bbox 1387 3189 1467 3225; x_wconf 84' lang='lat' dir='ltr'><strong>died</strong></span> <span class='ocrx_word' id='word_1_337' title='bbox 1491 3201 1587 3236; x_wconf 90' lang='lat' dir='ltr'><strong>upon</strong></span> <span class='ocrx_word' id='word_1_338' title='bbox 1603 3190 1665 3225; x_wconf 86' lang='lat' dir='ltr'><strong>the</strong></span> <span class='ocrx_word' id='word_1_339' title='bbox 1683 3190 1770 3226; x_wconf 84' lang='lat' dir='ltr'><strong>30th</strong></span> <span class='ocrx_word' id='word_1_340' title='bbox 1787 3190 1830 3226; x_wconf 85' lang='lat' dir='ltr'><strong>of</strong></span> <span class='ocrx_word' id='word_1_341' title='bbox 1851 3190 1961 3236; x_wconf 85' lang='lat' dir='ltr'><strong>April,</strong></span> <span class='ocrx_word' id='word_1_342' title='bbox 1983 3192 2051 3226; x_wconf 81' lang='lat'><strong>996</strong></span> <span class='ocrx_word' id='word_1_343' title='bbox 2067 3190 2138 3225; x_wconf 78' lang='lat' dir='ltr'><strong>and</strong></span> <span class='ocrx_word' id='word_1_344' title='bbox 2153 3201 2225 3226; x_wconf 80' lang='lat' dir='ltr'><strong>was</strong></span> <span class='ocrx_word' id='word_1_345' title='bbox 2241 3192 2435 3228; x_wconf 79' lang='lat' dir='ltr'><strong>succeeded</strong></span> <span class='ocrx_word' id='word_1_346' title='bbox 2451 3193 2497 3240; x_wconf 89' lang='lat' dir='ltr'><strong>by</strong></span> 
     </span>
     <span class='ocr_line' id='line_1_36' title="bbox 616 3250 794 3285; baseline 0.006 -11"><span class='ocrx_word' id='word_1_347' title='bbox 616 3250 735 3285; x_wconf 73' lang='lat' dir='ltr'><strong>regor-y</strong></span> <span class='ocrx_word' id='word_1_348' title='bbox 786 3267 794 3275; x_wconf 93' lang='lat'>.</span> 
     </span>
    </p>
   </div>
  </div>
 </body>
</html>
