2904 3886
366 529 498 579 ΑΒ.
532 533 673 585 1270.
846 508 1420 579 CHRONICA'DE
1453 508 1862 578 MAILRos.
2221 535 2314 580 221

360 673 649 723 admiraldus
691 673 949 723 secundum
991 674 1148 723 scema
1187 674 1269 722 sue
1310 672 1517 722 levitatis
1558 673 1823 740 tripudians
1865 680 1976 722 ante
2016 661 2184 739 ipsum,
2228 674 2320 724 acfi

359 753 456 818 ipse
475 754 591 805 esset
609 754 863 821 joculator,
884 773 913 804 a
931 770 1028 820 quo
1048 753 1241 804 demum
1265 753 1416 820 petita
1433 752 1628 803 licentia
1649 752 1904 804 recedendi
1927 753 2109 804 receffit
2133 753 2195 803 ab
2219 755 2318 821 ipso

359 834 536 891 infelix,
563 834 809 885 dolofitate
834 835 1019 902 plenus,
1044 835 1325 901 promittens
1350 834 1526 884 crebris
1548 833 1730 884 vicibus
1754 836 1801 884 se
1825 842 2075 884 venturum
2101 834 2163 884 ad
2186 836 2318 885 illum

358 916 420 964 ad
452 916 791 966 consolandum
826 918 873 966 se
906 924 954 966 et
985 915 1286 983 spatiandum
1319 933 1428 965 cum
1463 914 1567 973 illo;
1608 915 1739 982 quod
1769 916 1900 973 fecit,
1932 917 2125 967 mittens
2157 916 2201 966 ei
2233 934 2318 983 per

356 996 515 1061 plures
538 997 665 1046 vices
683 1015 814 1046 more
833 997 968 1046 solito
987 997 1199 1046 inmensa
1218 996 1422 1045 exennia
1440 1004 1489 1045 et
1506 996 1717 1062 speciosa
1735 997 1946 1046 donaria.
2020 996 2066 1046 A
2086 1014 2182 1064 quo
2208 1014 2316 1047 cum

356 1085 575 1141 quereret
612 1077 902 1126 Eduuardus
934 1094 1016 1126 cur
1050 1076 1235 1126 tamdiu
1268 1074 1476 1125 differret
1511 1075 1812 1142 baptiffmum
1843 1078 2092 1143 suscipere,
2127 1079 2315 1144 respon-

276 1143 281 1149 *
355 1157 438 1212 dit,
463 1158 510 1205 se
536 1157 765 1206 assensum
790 1158 894 1222 jam
926 1157 1139 1205 habuifl'e
1169 1156 1429 1205 multorum
1454 1173 1512 1205 ex
1543 1157 1637 1206 suis
1663 1157 1725 1205 ad
1756 1157 1849 1206 hoc
1872 1158 2162 1215 faciendum,
2189 1159 2316 1208 “sed

353 1254 447 1284 non
473 1238 734 1293 omnium,”
762 1238 931 1303 inquit,
967 1246 997 1267 “
1017 1253 1161 1303 quem
1194 1237 1317 1285 infra
1340 1236 1484 1286 breve
1516 1245 1706 1303 tempus
1738 1238 2003 1304 adquiram,
2031 1239 2140 1288 Deo
2165 1241 2314 1289 vestre

352 1316 461 1365 fidei
492 1317 757 1366 Christiane
783 1317 1114 1384 providente.”
1189 1317 1274 1366 Hii
1299 1317 1414 1366 dum
1437 1317 1500 1367 fic
1524 1319 1571 1367 se
1599 1317 1779 1367 habent
1810 1319 1872 1367 ad
1906 1319 2109 1368 invicem
2141 1321 2314 1370 amica-

352 1397 506 1446 biliter
543 1398 674 1463 quafi
712 1398 1062 1455 confederatos,
1099 1399 1232 1447 nulla
1269 1399 1398 1465 apud
1436 1399 1603 1448 ambos
1641 1399 1776 1448 alteri
1814 1400 1874 1449 de
1913 1400 2062 1449 altero
2099 1410 2314 1451 remanet

352 1479 581 1544 suffpicio.
653 1479 794 1528 Unde
819 1498 977 1528 rumor
1008 1480 1117 1529 talis
1147 1481 1440 1546 permaxime
1466 1480 1673 1530 amicitie
1704 1497 1868 1529 eorum
1892 1483 2106 1547 pervenit
2132 1483 2193 1531 ad
2226 1484 2311 1532 sol-

352 1559 528 1607 danum
560 1559 705 1608 totius
737 1560 1129 1617 Sarracenitatis3
1166 1559 1248 1626 qui
1279 1561 1474 1610 mittens
1509 1562 1613 1627 post
1649 1562 1979 1619 admiraldum,
2017 1564 2077 1612 de
2113 1581 2209 1629 quo
2234 1582 2310 1613 ve-

350 1640 623 1688 hementem
663 1640 829 1689 habuit
865 1641 1192 1707 suspicionem,
1223 1642 1368 1707 quod,
1394 1649 1628 1707 quantum
1660 1643 1708 1690 in
1744 1643 1843 1708 ipso
1880 1651 1997 1700 erat,
2040 1645 2309 1694 Sarraceni-

350 1728 498 1768 tatem
538 1721 686 1769 voluit
726 1722 925 1787 prodere
968 1729 1015 1770 et
1056 1722 1244 1771 tradere
1291 1722 1568 1772 Christianis
1614 1724 1712 1789 ipse
1757 1723 2050 1774 Christianus
2092 1725 2308 1782 effectus,

349 1801 591 1849 mandavit
633 1802 697 1850 illi
735 1803 872 1867 super
907 1803 1054 1851 vitam
1090 1810 1138 1851 et
1175 1803 1405 1860 membra,
1447 1804 1714 1870 precipiens
1745 1812 1798 1852 ut
1836 1814 2111 1871 compareat
2149 1824 2308 1856 coram

349 1882 596 1947 majestate
622 1883 704 1930 sua
728 1883 811 1930 tali
837 1883 914 1931 die
939 1891 987 1931 et
1015 1883 1098 1932 tali
1130 1883 1261 1940 loco;
1299 1884 1435 1950 cujus
1466 1885 1726 1951 majestatis
1749 1893 1884 1934 tanta
1916 1886 1983 1934 est
2007 1886 2230 1953 dignitas,
2256 1896 2308 1937 ut

348 1963 552 2010 narravit
588 1962 701 2010 mihi
739 1964 943 2030 armiger
969 1982 997 2012 a
1021 1982 1117 2030 quo
1150 1965 1417 2030 presentem
1452 1965 1608 2014 habeo
1644 1967 1940 2023 relationem,
1977 1969 2106 2033 quod
2142 1986 2307 2018 omnes

347 2043 639 2092 introeuntes
671 2044 718 2092 in
755 2045 937 2110 regiam
962 2045 1065 2110 ejus
1089 2062 1174 2111 pro
1199 2046 1367 2111 quovis
1399 2047 1597 2112 negotio
1623 2047 1752 2113 apud
1784 2047 1935 2113 ipsum
1968 2049 2207 2098 audiendo
2231 2051 2306 2099 vel

347 2123 661 2189 expediendo,
694 2125 845 2190 primo
883 2125 1084 2174 flectunt
1122 2143 1249 2192 genu
1283 2135 1416 2175 extra
1448 2127 1691 2176 introitum
1728 2129 1861 2194 regie
1898 2129 1959 2177 ad
1995 2129 2192 2178 limitem
2225 2131 2305 2179 ubi

345 2204 479 2253 limes
505 2205 587 2261 est,
614 2205 787 2254 deinde
820 2206 1006 2272 ingreffi
1038 2207 1238 2273 regiain,
1263 2207 1435 2256 iterum
1458 2209 1642 2257 faciunt
1673 2210 2057 2275 genuflexionem
2083 2212 2226 2260 aliam
2257 2213 2304 2260 in

345 2285 503 2333 medio
529 2286 676 2351 regie,
698 2286 890 2335 demum
917 2287 1202 2336 accedentes
1223 2295 1333 2337 ante
1358 2289 1533 2337 faciem
1553 2289 1655 2355 ejus
1680 2290 1916 2355 profunde
1940 2291 2168 2341 inclinant
2194 2310 2304 2340 eum

345 2383 505 2431 genua
529 2366 872 2416 submittentes.
947 2367 1027 2416 Ad
1053 2386 1198 2433 quem
1216 2369 1412 2418 veniens
1437 2369 1595 2419 dietus
1621 2370 1910 2420 admiraldus
1933 2372 2152 2421 salutavit
2176 2390 2301 2429 eum,

344 2447 473 2511 prius
509 2447 642 2495 facto
680 2447 833 2512 patrio
871 2448 963 2496 ritu
1001 2449 1219 2498 introitus
1253 2450 1323 2498 sui
1361 2451 1619 2498 secundum
1656 2452 2043 2500 consuetudinem
2085 2453 2298 2502 aliorum.

347 2527 505 2582 Quem
537 2544 645 2575 cum
677 2528 963 2576 convenisset
997 2529 1219 2578 soldanus
1253 2529 1287 2578 fi
1312 2529 1414 2595 jam
1444 2530 1737 2580 Christianus
1767 2532 1927 2581 factus
1959 2533 2026 2581 est
2061 2541 2110 2582 et
2141 2542 2299 2583 utrum

342 2607 552 2673 proditor
575 2606 629 2655 fit
653 2608 978 2673 paganiffimiW
1003 2609 1131 2674 apud
1154 2609 1302 2657 filium
1326 2610 1451 2676 regis
1480 2609 1672 2677 Anglie,
1698 2613 1936 2677 respondit
1960 2613 2020 2669 ei,
2046 2614 2175 2679 quod
2193 2615 2299 2680 plus

343 2688 610 2753 profecerat
642 2689 770 2754 apud
802 2688 934 2737 illum
964 2689 1112 2738 filium
1144 2707 1230 2755 pro
1259 2690 1516 2740 salvatione
1548 2693 1756 2758 paganie
1788 2710 1933 2759 quam
1965 2711 2130 2744 omnes
2161 2704 2297 2761 qu'ot-

342 2776 459 2833 quot
483 2769 587 2816 sunt
611 2769 658 2816 in
683 2769 1037 2835 paganifimoWW
1062 2770 1165 2835 ejus
1195 2771 1449 2836 potuifl'ent
1472 2772 1618 2838 longo
1637 2780 1851 2839 tempore
1869 2774 2130 2839 profecifl'e.
2179 2785 2211 2806 “
2231 2776 2296 2825 Et

343 2849 650 2914 quomodo?”
688 2850 854 2915 inquid
887 2850 1122 2900 soldanus.
1198 2851 1291 2899 Cui
1327 2851 1420 2908 ille,
1455 2853 1633 2900 “illum
1662 2854 1788 2919 regis
1811 2855 1974 2911 filium,
2005 2873 2150 2922 quem
2172 2857 2295 2907 forte

342 2947 425 2978 vos
448 2930 639 2986 timetis,
666 2930 810 2979 tantis
841 2931 1028 2996 magnis
1059 2931 1245 2997 placavi
1276 2932 1565 2989 muneribus,
1590 2941 1660 2981 tot
1685 2935 1895 2984 exenniis
1919 2936 2146 2986 honoravi
2176 2939 2294 2987 mul-

342 3010 594 3076 tiplicibus,
616 3010 872 3059 cautiffime
898 3029 1046 3078 agens
1071 3029 1178 3060 cum
1204 3012 1319 3078 ipso,
1340 3013 1468 3078 quod
1493 3013 1674 3079 possum
1698 3015 1858 3064 facere
1883 3016 1942 3066 de
1966 3016 2046 3065 illo
2066 3018 2294 3085 quicquid

329 3091 470 3152 *volo;
505 3109 595 3140 nec
620 3091 800 3156 aliquid
824 3093 1030 3157 superest
1054 3093 1198 3141 modo
1223 3093 1283 3142 de
1308 3093 1423 3159 ipso,
1447 3094 1531 3142 nifi
1555 3102 1608 3143 ut
1632 3096 1890 3161 perimatur
1913 3098 2108 3163 quando
2131 3099 2291 3149 volo.”

344 3172 488 3229 Quod
511 3173 760 3229 manifeste
790 3173 975 3222 sactum
999 3173 1172 3230 fuiss'et,
1201 3173 1285 3222 nifi
1309 3175 1516 3240 optimus
1543 3176 1679 3225 Deus
1702 3177 1952 3242 piiffimum
1978 3178 2292 3230 Eduuardum

340 3253 508 3302 melius
536 3253 760 3302 salvando
799 3253 1061 3319 adjuvisset.
1136 3254 1246 3303 Post
1276 3255 1378 3304 dies
1413 3255 1557 3322 igitur
1594 3274 1775 3322 paucos
1810 3259 1995 3309 fafitum
2034 3260 2101 3310 est
2137 3270 2189 3310 ut
2229 3263 2295 3311 abv

341 3333 602 3383 admiraldo
627 3334 790 3383 doloso
865 3373 1470 3385 ........
1519 3369 1521 3371 v
1543 3375 2059 3390 .......

959 3435 979 3450 ⁷
1002 3436 1223 3483 Paganismi‘?
1370 3437 1416 3452 Π
1438 3438 1673 3484 Paganismo?
