2852 3874
559 547 621 596 98
1022 535 1443 587 CHRoNroA
1487 534 1588 584 DE
1634 532 2015 583 MA1LRos.
2162 536 2294 586 A.D.
2337 542 2478 594 1189.

564 678 861 744 Andegauie,
886 674 1012 740 apud
1035 674 1228 740 opidum
1254 673 1474 737 Chynun,
1498 671 1647 737 pridie
1670 687 1820 720 nonas
1837 670 1952 720 Julii
1974 670 2091 737 [Jul.
2110 671 2185 738 6],
2209 689 2334 723 anno
2352 691 2488 725 xxxv.

562 758 693 823 regni
717 756 812 810 sui;
847 762 894 802 et
919 752 1124 818 sepultus
1148 751 1215 800 est
1239 751 1366 816 apud
1388 752 1569 799 fontem
1594 749 1847 806 Eubrardi‚
1872 749 1919 798 in
1945 749 2138 800 abbatia
2160 751 2491 804 sanctimonia·

562 837 675 884 lium
710 833 885 882 ibidem
912 831 1020 880 Deo
1044 830 1354 879 servientium.
1428 829 1520 878 Cui
1545 829 1752 878 succeffit
1780 828 2011 878 Ricardus
2041 829 2164 880 filius
2187 830 2306 896 ejus,
2331 847 2491 882 comes

563 912 835 977 Aquitanie‚
859 910 924 975 iij.
949 926 1098 958 nonas
1128 909 1418 974 Septembris
1446 908 1585 974 [Sep.
1612 908 1664 974 3]
1694 908 1770 958 die
1795 908 2032 957 dominica
2056 909 2184 975 apud
2215 908 2492 960 Lundonias

559 1008 731 1057 magno
756 1007 863 1039 cum
893 990 1070 1038 honore
1099 996 1349 1037 coronatus
1374 1006 1403 1036 a
1427 988 1699 1037 Baldewino
1731 987 2081 1053 archiepiscopo
2110 988 2368 1038 Cantuarie
2392 998 2440 1039 et
2464 1008 2492 1039 a

559 1070 725 1119 ceteris
749 1069 976 1135 episcopis
1001 1076 1048 1117 et
1071 1068 1274 1133 praelatis
1300 1067 1490 1133 Anglie‚

628 1149 759 1198 Obiit
785 1148 1017 1196 Radulfus
1049 1164 1103 1195 11.
1137 1146 1283 1195 abbas
1318 1147 1378 1195 de
1413 1146 1575 1211 Cupro
1609 1146 1837 1194 kalendas
1863 1144 2067 1212 Augusti
2095 1145 2250 1212 [Aug.
2283 1147 2350 1213 l],
2374 1149 2492 1197 feria

559 1239 635 1283 v.⁸,
660 1228 735 1276 cui
759 1226 965 1276 succeffit
991 1226 1148 1274 Adam
1172 1226 1381 1291 subprior
1404 1225 1464 1273 de
1489 1224 1684 1274 Melros.

628 1306 760 1355 Obiit
784 1307 860 1371 pie
875 1306 1098 1354 memorie
1123 1305 1343 1353 Siluanus
1361 1304 1602 1370 quondam
1621 1303 1769 1353 abbas
1787 1303 2026 1360 Rievallis,
2043 1304 2124 1368 vij.
2145 1304 2250 1353 idus
2269 1305 2491 1354 Octobris

564 1386 698 1451 [Oct.
724 1385 776 1451 9]
805 1385 931 1450 apud
957 1383 1230 1439 Belelande,
1255 1383 1414 1448 ibique
1438 1382 1692 1431 honorifice
1716 1383 1923 1448 sepultus
1947 1383 2030 1431 est.

629 1464 761 1513 Obiit
791 1463 1019 1512 Ricardus
1044 1462 1103 1511 de
1129 1462 1398 1517 Moreuilla‚
1430 1461 1798 1510 constabularius
1827 1461 2053 1509 Willelmi
2077 1462 2218 1527 regis,
2251 1463 2492 1512 familiaris

560 1544 744 1592 noster.t

628 1622 667 1669 F
669 1622 904 1669 redericus
928 1622 1180 1685 imperator
1204 1619 1336 1674 obiit,
1362 1619 1409 1666 in
1432 1618 1623 1666 flumine
1648 1618 1949 1666 submersus.¹¹

627 1696 767 1743 Anno
792 1711 968 1743 M.c.xc.
999 1694 1264 1742 Willelmus
1295 1709 1377 1741 rex
1406 1692 1676 1741 Scottorum
1701 1692 1831 1740 dedit
1868 1691 2074 1740 Ricardo
2099 1692 2200 1758 regi
2227 1693 2493 1759 Anglorum

559 1793 602 1823 x.
628 1775 772 1822 millia
795 1791 976 1822 marcas
1001 1773 1101 1821 auri
1120 1780 1167 1820 et
1187 1772 1369 1837 argenti
1393 1778 1581 1836 propter
1600 1771 1856 1837 dignitates
1875 1778 1923 1819 et
1945 1770 2188 1820 libertates
2212 1789 2269 1820 ac
2291 1772 2494 1822 honores

559 1856 663 1902 suos
688 1870 806 1918 quos
829 1852 993 1900 habuit
1018 1859 1127 1900 ante
1151 1868 1385 1917 guerram,
1411 1858 1458 1898 et
1482 1867 1566 1915 pro
1593 1850 1802 1899 Berewic
1825 1858 1873 1899 et
1899 1849 2203 1899 Rochesburh
2222 1868 2341 1916 quas
2362 1851 2493 1900 Hen-

560 1929 681 1975 ricus
705 1944 784 1975 rex
812 1943 894 1991 per
926 1926 1017 1990 xvj.
1049 1942 1196 1974 annos
1227 1925 1453 1973 violenter
1482 1924 1705 1981 detinuit;
1743 1932 1792 1972 et
1822 1923 1885 1973 fic
1923 1924 2032 1973 Deo
2061 1925 2362 1991 suffragante,
2392 1927 2494 1991 ejus

561 2006 889 2055 dominationis
913 2012 960 2053 et
983 2004 1211 2052 servitutis
1229 2004 1400 2069 jugum
1424 2019 1568 2069 grave
1591 2020 1620 2051 a
1643 2019 1791 2069 regno
1815 2004 2086 2052 Scottorum
2110 2003 2253 2069 digne
2278 2012 2325 2053 et
2348 2005 2493 2053 hono-

560 2085 685 2132 rifice
708 2083 983 2132 submovit.w

633 2163 875 2227 Philippus
906 2178 987 2209 rex
1020 2161 1234 2216 Francie,
1270 2170 1317 2209 et
1355 2160 1587 2208 Ricardus
1622 2177 1703 2207 rex
1740 2160 1932 2226 Anglie‚
1968 2168 2015 2208 et
2053 2160 2297 2226 Philippus
2335 2179 2494 2211 comes

566 2241 801 2296 Flandrie‚
826 2248 873 2288 et
894 2240 1191 2288 Baldewinus
1215 2239 1589 2304 archiepiscopus
1612 2238 1868 2287 Cantuarie
1893 2247 1940 2287 et
1964 2240 2120 2304 plures
2145 2240 2222 2288 alii
2249 2241 2495 2306 archiepis-

564 2321 668 2386 copi
695 2328 837 2384 atque
862 2319 1057 2384 praelati,
1090 2320 1322 2384 principes
1347 2326 1394 2366 et
1419 2318 1579 2373 duces,
1608 2317 1790 2367 nobiles
1823 2335 1880 2366 ac
1905 2318 2087 2374 divites,
2121 2326 2166 2366 et
2200 2320 2403 2384 populus
2428 2321 2494 2368 in-

563 2398 863 2447 numerabilis
887 2415 1034 2464 regna
1058 2415 1114 2446 ac
1142 2398 1316 2462 patrias
1340 2406 1388 2446 et
1412 2397 1667 2462 dignitates
1698 2398 1803 2445 suas
1835 2397 2070 2446 humiliter
2101 2414 2186 2463 pro
2215 2398 2400 2447 Christo
2425 2417 2495 2446 re-

562 2479 841 2542 linquentes,
864 2477 1179 2525 Ierosolimam
1203 2477 1404 2541 profthi
1428 2477 1547 2532 sunt,
1572 2483 1619 2524 et
1644 2477 1790 2541 usque
1815 2476 1875 2524 ad
1900 2476 2140 2525 civitatem
2161 2476 2424 2526 Meffanam
2448 2478 2496 2526 in

570 2557 728 2605 Sicilia
751 2556 1091 2620 pervenientes,
1116 2555 1275 2620 ibique
1300 2563 1400 2603 tota
1423 2555 1594 2619 hyeme
1618 2555 1764 2620 usque
1785 2555 1845 2602 ad
1868 2556 2075 2603 mensem
2093 2555 2306 2621 Aprilem
2330 2573 2495 2622 peren-

565 2637 878 2683 dinaverunt.¹
935 2635 1232 2684 Baldewinus
1256 2634 1657 2699 archiepiscopusy
1681 2634 1797 2682 obiit
1821 2634 1948 2699 apud
1969 2635 2106 2682 Acon
2131 2634 2207 2683 die
2226 2635 2375 2684 sancti
2401 2635 2497 2684 Ed-

566 2715 723 2762 mundi
753 2713 900 2779 [Nov.
927 2714 1032 2779 20],
1058 2722 1103 2762 et
1132 2713 1366 2762 Robertus
1390 2731 1548 2762 comes
1575 2712 1858 2769 Laicestriae,
1885 2713 2121 2770 Anandie,
2145 2714 2294 2763 sancti
2320 2714 2497 2781 Egidii,

566 2794 679 2841 obiit
706 2794 933 2858 languore
966 2802 1229 2858 praeventus
1260 2794 1307 2841 in
1340 2793 1455 2841 mari
1486 2793 1845 2848 mediterraneo,
1871 2801 1919 2840 et
1943 2793 2070 2857 apud
2097 2793 2280 2849 Duraz,
2309 2794 2496 2843 Graecie

611 2941 622 2955 ¹
644 2942 709 2976 See
726 2942 849 2975 Diceto
866 2940 932 2976 col.
951 2942 1033 2975 644.
1203 2939 1214 2954 ¹
1234 2939 1315 2975 The
1330 2939 1405 2974 first
1421 2939 1463 2974 of
1476 2940 1614 2985 August
1634 2942 1724 2974 1189
1741 2939 1800 2974 fell
1817 2951 1912 2986 upon
1930 2952 1952 2975 a
1971 2940 2147 2987 Tuesday,
2167 2940 2421 2987 consequently
2435 2940 2497 2975 the

566 2996 662 3030 dates
678 2997 714 3030 in
730 2996 791 3031 the
808 3002 882 3031 text
899 2995 945 3031 do
961 3002 1025 3031 not
1041 3006 1152 3041 agree.
1358 2995 1369 3015 ‘
1391 2995 1449 3030 He
1467 2995 1537 3030 had
1552 2996 1697 3030 become
1714 3007 1759 3030 an
1776 2995 1907 3030 inmate
1923 2995 1966 3030 os
1975 2995 2038 3031 the
2055 2997 2178 3043 abbey.
2229 2995 2383 3031 Munati.
2403 2995 2492 3030 Amr.

565 3063 600 3095 p.
619 3052 699 3085 263.
890 3049 907 3065 “
930 3050 1125 3096 According
1140 3057 1179 3086 to
1188 3051 1323 3092 Diaeta,
1344 3050 1390 3086 he
1406 3062 1479 3086 was
1496 3051 1664 3087 drowned
1680 3062 1777 3097 upon
1793 3050 1855 3086 the
1872 3050 1960 3086 25th
1982 3051 2076 3097 July,
2095 3050 2201 3086 when
2217 3050 2356 3096 passing
2371 3061 2394 3085 a
2408 3049 2498 3085 river

566 3105 691 3139 named
709 3105 876 3150 Sapheth,
896 3117 943 3141 on
959 3106 1013 3141 his
1030 3118 1108 3152 way
1122 3105 1211 3142 from
1230 3106 1387 3142 Iconium
1404 3112 1442 3142 to
1456 3106 1622 3148 Antioch‚
1642 3107 1709 3142 col.
1728 3109 1810 3148 655,
1956 3105 1979 3120 '
1992 3106 2164 3147 Hoveden,
2182 3104 2243 3141 fol.
2256 3105 2346 3145 377³
2358 3105 2495 3145 Dioeto,

568 3159 628 3193 fol.
646 3162 733 3199 689;
752 3161 944 3207 Brompton,
964 3161 1031 3199 col.
1053 3163 1160 3202 1186;
1189 3162 1339 3202 Fordun,
1358 3162 1381 3197 i.
1399 3163 1482 3203 500,
1502 3164 1592 3202 501;
1619 3162 1716 3197 Foed.
1734 3162 1758 3197 i.
1775 3164 1841 3203 503
1867 3161 1927 3196 M
1943 3162 2055 3203 Paris,
2073 3172 2110 3208 p.
2132 3162 2210 3209 109.
2356 3158 2373 3174 ¹
2392 3159 2495 3207 Velly.

569 3213 615 3248 iii.
635 3216 714 3254 340,
735 3216 815 3253 3413
842 3215 1036 3260 Brompton,
1056 3216 1123 3252 col.
1146 3218 1258 3257 1180;
1286 3217 1416 3252 Hoved.
1434 3215 1495 3251 fol.
1514 3218 1596 3254 378.
1742 3215 1758 3236 ’
1777 3216 1948 3258 Baldwin‚
1971 3214 2194 3261 Arcbbishop
2211 3213 2254 3250 of
2266 3214 2494 3261 Canterbury.

571 3269 637 3331 See
661 3270 819 3358 Θὶὶυωεᾶ
845 3270 910 3358 egl.
932 3272 1033 3308 1678.
1230 3275 1245 3291 ·
1268 3271 1325 3307 On
1342 3271 1405 3307 the
1429 3272 1559 3319 margin
1583 3271 1626 3307 of
1643 3271 1705 3308 the
1726 3271 1805 3308 MS.
1825 3272 1888 3307 the
1909 3271 2087 3317 following
2108 3269 2284 3308 reference
2300 3270 2330 3305 is
2346 3270 2495 3310 written,

568 3329 591 3343 ⁴·
609 3324 655 3369 nj.
675 3334 695 3358 a
741 3335 778 3358 as
821 3335 839 3359 e
890 3326 1010 3369 upro.''
