2846 3874
594 486 684 536 126
1051 483 1474 534 CHRONICA
1517 483 1619 533 DE
1668 483 2050 534 MAILROS.
2207 486 2339 536 A.D.
2371 488 2516 538 1216.

586 626 703 682 falli,
727 632 862 674 tanto
887 622 1059 671 certius
1082 638 1142 670 ea
1165 637 1259 686 que
1281 620 1490 669 veritatis
1514 636 1595 668 ore
1629 619 1860 685 praedicta
1882 618 2009 675 sunt,
2031 619 2135 685 jam
2158 620 2206 668 in
2228 628 2365 685 parte
2386 622 2521 672 fuifl'e

585 704 794 770 impleta,
818 710 866 751 et
889 717 983 766 que
1004 700 1178 749 restant
1194 699 1358 765 procul
1383 698 1527 747 dubio
1552 698 1789 747 credenda
1806 699 1911 747 sunt
1928 698 2021 748 effe
2045 698 2342 764 complenda.
2390 700 2524 751 Veri·

586 783 696 831 tatis
713 780 940 846 siquidem
958 796 1054 835 ore,
1064 778 1181 827 teste
1202 778 1534 844 Ewangelista,
1553 778 1721 827 scimus
1738 777 1872 826 fuisse
1887 777 2180 844 praedictum,
2196 786 2227 808 “
2242 786 2380 828 erunt
2392 778 2525 846 signa

587 863 633 908 in
651 860 746 909 sole
771 867 819 908 et
841 859 954 907 luna
969 866 1016 907 et
1031 858 1188 914 stellis,
1214 866 1262 907 et
1285 858 1333 907 in
1356 858 1489 907 terris
1513 857 1718 923 press'ura
1741 857 1955 923 gentium
1979 874 2075 923 prae
2094 857 2382 918 confufione,
2405 859 2524 908 foni-

586 948 660 987 tus
683 939 824 987 maris
848 946 896 987 et
919 938 1179 987 fluctuum⁹⁹
1206 945 1298 986 etc.
1372 937 1497 986 Cum
1531 937 1674 1003 igitur
1697 936 1840 986 nichil
1863 937 1911 985 in
1942 944 2082 993 terra,
2107 937 2369 1003 quamlibet
2390 938 2524 988 mini-

585 1035 730 1074 mum,
754 1018 849 1067 fine
873 1019 1014 1067 causa
1036 1018 1134 1074 fiat,
1159 1025 1339 1066 certum
1364 1016 1431 1065 est
1454 1016 1583 1082 quod
1606 1033 1696 1065 nec
1720 1016 1902 1082 majora
1925 1016 2021 1066 fine
2044 1017 2212 1082 majori
2248 1018 2389 1066 causa
2419 1035 2523 1084 pro-

588 1098 791 1146 veniant.
867 1098 1068 1163 Signum
1091 1098 1235 1163 igitur
1257 1113 1503 1162 magnum,
1527 1097 1672 1145 immo
1695 1096 1828 1162 figna
1862 1096 1998 1161 plura
2021 1104 2069 1145 et
2098 1098 2405 1162 permaxima,
2430 1114 2525 1162 que

586 1194 734 1243 nuper
758 1178 805 1225 in
828 1177 1040 1242 partibus
1062 1176 1326 1225 Galwethie
1346 1184 1680 1242 apparuerunt,
1706 1175 1789 1224 sub
1809 1184 1987 1241 quanta
2010 1177 2144 1241 potui
2168 1176 2398 1226 brevitate
2422 1193 2524 1242 per·

587 1257 832 1322 stringens,
864 1256 1102 1305 sanGtitati
1126 1256 1275 1304 vestre
1310 1256 1621 1304 transmittere
1656 1256 1829 1304 curavi.
1903 1255 2046 1312 Quod
2080 1255 2350 1305 nullatenus
2383 1257 2526 1306 tantis

587 1344 781 1400 tamque
812 1335 1091 1383 venerandis
1115 1335 1223 1383 viris
1246 1335 1406 1383 facere
1430 1334 1792 1398 praesumfiffem,
1827 1333 1912 1382 nifi
1943 1335 2123 1383 cercius
2147 1334 2207 1383 de
2242 1336 2527 1384 conscientia

588 1430 750 1463 eorum
773 1414 886 1462 mihi
910 1413 1158 1469 constaret,
1183 1414 1263 1478 qui
1282 1412 1511 1478 praedidta
1528 1412 1660 1477 figna
1682 1412 1879 1477 propriis
1894 1413 2042 1461 oculis
2059 1413 2290 1470 viderunt,
2309 1423 2357 1463 et
2372 1416 2439 1463 rei
2457 1432 2528 1464 or-

587 1494 745 1542 dinem
769 1510 851 1542 ore
875 1492 1081 1541 veridico
1106 1493 1153 1540 in
1187 1492 1434 1557 praesentia
1468 1491 1625 1539 nostra
1650 1498 1698 1539 et
1727 1491 1982 1539 multorum
2005 1500 2327 1541 narraverunt.
2401 1494 2527 1542 Con·

586 1573 692 1637 tigit
716 1573 858 1637 igitur
883 1572 1154 1620 conversum
1178 1570 1418 1635 quendam
1443 1570 1618 1618 ordinis
1641 1570 1799 1625 nostri,
1835 1571 1985 1618 virum
2007 1572 2362 1636 morigeratum,
2386 1572 2527 1620 sobri-

587 1667 682 1706 um,
718 1651 896 1699 castum
931 1658 979 1698 et
1016 1649 1214 1715 probate
1245 1650 1355 1697 satis
1386 1649 1643 1714 religionis,
1681 1649 1768 1697 iter
1804 1650 1979 1706 facere,
2012 1650 2089 1698 die
2125 1650 2344 1699 videlicet
2378 1651 2528 1700 san&i

590 1728 822 1777 Ambrosii
848 1729 1051 1794 episcopi
1076 1729 1122 1777 in
1142 1728 1340 1777 crastino
1365 1729 1646 1794 palmarum,
1670 1728 1819 1793 pridie
1837 1745 1887 1777 N.
1911 1728 2086 1794 Aprilis
2109 1728 2250 1794 [Apr.
2271 1729 2343 1795 4],
2367 1730 2530 1778 luna⁰⁰

590 1809 704 1873 xiija.
731 1809 778 1856 in
802 1808 958 1857 nofifis
982 1809 1271 1874 crepusculo,
1308 1816 1355 1856 et
1380 1809 1516 1856 ecce!
1552 1808 1829 1873 respiciente
1853 1808 2082 1873 praedic'to
2107 1810 2345 1865 converso,
2369 1809 2529 1858 lunam

588 1889 777 1952 plenam
800 1887 915 1936 vidit
940 1895 987 1936 et
1017 1887 1285 1943 rotundam,
1311 1895 1358 1935 et
1389 1887 1544 1936 statim
1568 1888 1615 1935 in
1639 1888 1739 1952 ipsa
1761 1887 1878 1935 hora
1902 1887 2034 1953 quafi
2063 1888 2299 1936 funiculus
2335 1889 2529 1953 quidam

588 1967 722 2032 niger
746 1975 794 2016 et
817 1966 1106 2032 subpallidus
1140 1967 1302 2015 lunam
1336 1967 1384 2014 in
1409 1967 1528 2015 duas
1552 1966 1701 2014 divifit
1735 1974 1908 2031 partes.
1983 1966 2080 2015 Sed
2105 1975 2152 2014 et
2182 1967 2382 2031 nigredo
2413 1985 2527 2032 prae-

589 2046 705 2094 dicti
728 2046 923 2094 funiculi
939 2046 986 2094 in
1004 2045 1211 2094 mediam
1233 2054 1417 2110 partem
1440 2046 1550 2094 lune
1569 2062 1662 2110 que
1686 2047 1842 2094 versus
1861 2045 2131 2110 aquilonem
2156 2053 2272 2101 erat,
2297 2047 2343 2094 se
2363 2046 2527 2094 diffun-

590 2125 722 2179 dens,
754 2125 902 2189 ipsam
925 2132 1108 2189 partem
1136 2125 1245 2173 lune
1269 2125 1523 2190 nigriorem
1548 2132 1596 2172 et
1627 2125 1921 2189 pallidiorem
1944 2132 2103 2173 cetera
2126 2132 2259 2189 parte
2284 2124 2454 2182 effecit,
2479 2134 2526 2174 et

588 2204 743 2251 statim
767 2203 898 2268 quafi
921 2204 968 2250 in
992 2203 1093 2252 ifitu
1116 2204 1240 2252 oculi
1263 2221 1372 2268 pars
1396 2204 1496 2269 ipsa
1518 2203 1735 2268 pallidior
1759 2203 1820 2251 ab
1852 2203 1946 2251 alia
1968 2211 2102 2268 parte
2126 2204 2238 2253 lune
2262 2204 2407 2252 scindi
2431 2205 2526 2253 visa

592 2282 659 2329 est
687 2290 735 2330 et
759 2282 975 2347 dirumpi,
1001 2289 1049 2330 et
1075 2282 1136 2330 ad
1159 2283 1368 2347 spacium
1393 2283 1531 2331 unius
1554 2283 1689 2331 stadii
1726 2283 1953 2348 elongari,
1978 2291 2026 2331 et
2049 2282 2179 2348 quafi
2203 2284 2250 2331 in
2274 2290 2408 2331 tanta
2431 2284 2526 2332 vio·

589 2361 734 2409 lentia
758 2360 1004 2410 videbatur
1027 2378 1135 2427 pars
1159 2362 1239 2410 illa
1262 2362 1479 2427 pallidior
1503 2361 1564 2410 ab
1589 2362 1682 2410 alia
1704 2369 1838 2427 parte
1861 2362 1973 2411 lune
1996 2362 2129 2410 fuisse
2155 2362 2313 2410 avulsa
2337 2370 2389 2410 ut
2412 2363 2527 2411 scin-

589 2440 728 2495 tillas,
752 2456 881 2488 more
907 2440 1122 2489 draconis
1146 2441 1193 2488 in
1219 2458 1327 2490 aere
1348 2442 1659 2498 discurrentis,
1676 2442 1925 2490 emitteret.
1983 2441 2204 2490 Tandem
2222 2441 2326 2506 post
2347 2457 2529 2490 moram

593 2520 949 2585 aliquantulam,
985 2537 1093 2585 pars
1117 2521 1216 2586 ipsa
1239 2521 1455 2586 pallidior
1479 2522 1590 2569 lune
1614 2522 1843 2586 paulatim
1867 2529 1915 2570 et
1939 2521 2070 2586 quafi
2092 2522 2275 2570 morose
2300 2521 2362 2570 ad
2387 2521 2528 2570 aliam

592 2606 773 2663 partem
793 2599 1119 2665 appropiabat,
1128 2616 1255 2649 nunc
1273 2601 1319 2648 se
1338 2601 1485 2666 ipsam
1503 2600 1633 2666 quafi
1650 2601 1922 2650 meticulose
1940 2600 2237 2657 retrahendo,
2254 2617 2381 2649 nunc
2398 2600 2529 2666 quafi

592 2679 762 2726 coa6ta
784 2678 893 2727 illac
916 2680 962 2727 se
987 2679 1301 2744 impellendo;
1337 2680 1531 2728 tandem
1554 2696 1664 2729 vero
1700 2697 1808 2729 cum
1836 2681 1939 2745 jam
1973 2680 2201 2745 praedicte
2235 2687 2393 2745 partes
2415 2680 2527 2729 lune

592 2757 792 2805 invicem
815 2757 898 2806 fibi
917 2758 1235 2815 convenirent,
1260 2775 1374 2807 ecce
1391 2759 1543 2809 nubes
1562 2767 1810 2825 utramque
1829 2767 2012 2824 partem
2028 2759 2211 2824 operuit
2229 2766 2276 2808 et
2300 2759 2528 2824 praedifflm

592 2836 699 2884 vifio
719 2836 956 2901 disparuit.
996 2837 1075 2886 Ad
1098 2838 1262 2886 flatum
1286 2838 1428 2903 igitur
1451 2839 1594 2894 venti,
1621 2839 1934 2887 transvolante
1957 2839 2101 2894 nube,
2125 2839 2294 2887 iterum
2311 2838 2424 2887 luna
2447 2837 2527 2886 de-

594 2915 675 2963 sub
692 2915 820 2964 nube
839 2916 1006 2982 erupit,
1026 2923 1074 2965 et
1091 2917 1246 2966 statim
1265 2917 1326 2966 ad
1340 2917 1716 2983 magnitudinem
1730 2918 1871 2967 trium
1887 2917 2104 2966 lunarum
2122 2917 2310 2966 creviffe
2324 2917 2420 2966 visa
2437 2916 2526 2971 est3

595 3002 642 3041 et
675 2994 831 3044 statim
858 2995 1138 3045 deformatio
1166 2997 1247 3046 illa
1277 3014 1362 3063 per
1399 3004 1640 3046 crementa
1675 2997 1724 3047 in
1758 2997 2054 3046 firmamento
2085 2998 2133 3046 se
2167 2995 2448 3050 diffundens,
2477 2994 2525 3042 in

597 3072 836 3122 castellum
858 3076 1117 3139 speciosum
1130 3077 1500 3134 transformatur,
1519 3077 1653 3143 cujus
1668 3077 1844 3127 castelli
1867 3084 2018 3126 turres
2035 3083 2084 3125 et
2098 3075 2234 3130 muri,
2257 3088 2525 3139 propugna-

657 3189 692 3206 ⁰⁰
721 3191 780 3227 No
796 3193 924 3239 eclipse
941 3194 983 3230 of
1000 3195 1064 3231 the
1086 3207 1195 3234 moon
1210 3197 1298 3233 took
1320 3197 1422 3245 place
1438 3203 1475 3234 at
1491 3208 1531 3233 or
1547 3208 1632 3234 neat
1646 3197 1718 3234 this
1734 3197 1827 3240 date,
1846 3195 1964 3234 which
1979 3207 2046 3233 can
2069 3199 2221 3232 account
2237 3192 2292 3230 sor
2306 3192 2369 3229 the
2385 3192 2528 3240 prodigy

597 3243 713 3281 which
727 3245 786 3282 led
801 3253 839 3283 to
855 3248 925 3284 this
940 3248 1054 3286 letter.

2602 1044 2661 1081 fol.
2682 1044 2738 1077 33.
