2852 3874
542 503 606 551 86
970 497 1392 548 CHRONICA
1437 495 1537 544 DE
1583 491 1970 544 MAILROS.
2008 512 2010 514 ·
2161 494 2462 551 A.D.1173.

611 640 714 690 Rex
737 639 879 688 etiam
911 637 1179 686 Scottorum
1207 634 1488 689 WillelmuS,
1512 640 1673 682 vetera
1706 631 1914 696 dampna
1938 646 2063 680 novo
2086 631 2314 681 conflifflm
2325 634 2466 682 refar-

543 721 636 769 cire
658 720 860 784 sperans,
885 715 1008 764 bella
1030 714 1254 763 immania
1276 729 1360 777 per
1383 711 1572 760 consilia
1599 711 1762 776 iniqua
1785 717 1949 758 contra
1971 700 2229 775 cognatum
2251 717 2300 759 et
2323 709 2469 760 domi·

542 814 653 847 num
675 798 822 850 suum,
857 793 1114 842 Henricum
1145 807 1308 857 regem
1328 790 1504 856 Anglie
1541 790 1781 846 instaurat,
1818 796 1867 838 et
1903 805 2012 837 cum
2047 788 2228 854 ingenti
2262 790 2471 838 exercitu

542 875 688 923 castra
711 879 914 921 metatus
937 871 1004 920 est
1028 879 1138 919 ante
1162 870 1361 919 castrum
1378 869 1508 935 quod
1526 868 1670 917 Werc
1692 868 1975 924 nominatur,
2000 875 2049 916 et
2061 883 2242 917 moram
2259 868 2471 934 aliquan·

541 953 690 1000 tulum
708 951 882 999 ibidem
909 950 1038 1005 fecit,
1063 949 1143 998 sed
1172 949 1314 997 nichil
1345 949 1450 1014 plus
1473 947 1687 1013 profecit.
1760 947 2011 996 Profectus
2042 955 2202 996 autem
2232 946 2343 997 inde
2372 963 2469 1003 rex,

540 1047 762 1096 magnam
801 1037 983 1095 partem
1022 1028 1361 1077 Northumbrie
1404 1027 1554 1076 Scotti
1595 1027 1844 1076 crudeliter
1883 1027 1996 1092 igne
2036 1026 2399 1083 combuss'erunt,
2423 1035 2471 1075 et

542 1109 727 1174 plebem
764 1109 866 1173 ejus
902 1108 1120 1157 ferociter
1157 1107 1317 1173 gladio
1351 1105 1879 1155 transverberaverunt.k
1948 1105 2064 1155 Inde
2101 1105 2162 1154 ad
2197 1105 2470 1172 Carlegium

541 1189 625 1236 iter
657 1196 915 1243 recurvant,
935 1195 982 1235 et
1006 1187 1242 1235 civitatem
1273 1187 1383 1235 totis
1406 1184 1578 1234 viribus
1602 1193 1896 1250 oppugnant,
1927 1184 2009 1234 sed
2038 1185 2270 1233 exercitus
2296 1185 2471 1250 Anglie

542 1267 752 1315 fimulato
777 1284 806 1315 a
829 1266 1107 1331 quibusdam
1132 1274 1179 1313 et
1202 1265 1461 1330 significato
1486 1264 1706 1319 adventu,
1731 1265 1846 1329 fuge
1870 1264 1917 1312 se
1941 1264 2161 1312 velociter
2185 1263 2429 1312 dederunt.

609 1345 840 1394 Miracula
884 1361 1060 1410 magna
1096 1353 1143 1392 et
1181 1343 1392 1392 inaudita
1422 1360 1504 1408 per
1536 1343 1727 1391 beatum
1766 1351 2014 1408 martyrem
2049 1343 2285 1391 Thomam
2324 1343 2469 1391 archi-

542 1424 782 1488 praesulem
805 1424 936 1472 facta
959 1424 1062 1471 sunt
1086 1424 1132 1471 in
1160 1422 1351 1487 Anglia.

610 1503 890 1551 Tonitruum
913 1501 1131 1549 horribile
1155 1502 1323 1566 mugiit
1347 1501 1455 1565 xvij.
1482 1500 1709 1548 kalendas
1738 1499 2028 1564 Septembris
2056 1499 2209 1564 [Aug.
2241 1499 2340 1564 16].

609 1581 760 1629 Tuffis
784 1581 989 1646 quedam
1020 1581 1145 1628 mala
1169 1588 1216 1627 et
1247 1579 1459 1627 inaudita
1487 1595 1650 1627 omnes
1677 1579 1777 1626 fere
1808 1579 1952 1644 longe
1982 1578 2174 1643 lateque
2205 1580 2469 1643 occupavit,

542 1662 586 1706 in
612 1677 707 1724 qua
731 1660 886 1723 velex
910 1676 1006 1724 qua
1030 1659 1157 1723 peste
1181 1658 1313 1705 multi
1338 1658 1507 1706 mortui
1533 1659 1652 1705 sunt.

609 1738 841 1786 Robertus
878 1754 1034 1785 comes
1062 1736 1377 1802 Legecestrie‚
1402 1753 1496 1784 una
1531 1753 1638 1784 cum
1673 1737 1878 1801 conjuge
1902 1737 1999 1791 sua,
2035 1737 2082 1783 in
2120 1736 2290 1784 finibus
2321 1737 2469 1786 sancti

538 1816 797 1864 AEdmundi
818 1824 982 1881 captus
1001 1816 1104 1872 est,¹
1127 1824 1174 1864 et
1199 1815 1409 1863 custodia
1425 1815 1672 1863 arctissima
1687 1814 1876 1879 pofitus.
1931 1815 2027 1863 Sed
2052 1822 2099 1863 et
2119 1814 2469 1863 Flandrenfium

540 1896 738 1960 populus
775 1896 979 1943 infinitus
1016 1913 1044 1942 a
1080 1894 1248 1943 finibus
1285 1895 1376 1942 suis
1407 1893 1613 1958 egreffus
1650 1902 1702 1941 ut
1738 1894 1854 1941 fines
1891 1893 2067 1958 Anglie
2098 1902 2398 1958 occuparent,
2423 1895 2470 1941 in

541 1975 711 2022 eisdem
734 1974 903 2021 finibus
926 1974 1097 2038 quibus
1116 1982 1163 2021 et
1181 1990 1354 2027 comes,
1375 1973 1557 2020 cursum
1581 1973 1779 2020 fixerunt
1804 1980 1851 2020 et
1869 1973 2013 2020 vitam
2036 1973 2268 2021 finierunt.
2319 1973 2470 2021 Bene-

541 2053 695 2100 dietus
721 2052 855 2099 Deus
879 2053 958 2116 qui
982 2052 1183 2115 perdidit
1208 2052 1391 2115 impios,
1415 2068 1475 2099 ne
1500 2051 1748 2115 perderent
1772 2052 1897 2115 pios!

610 2130 750 2177 Anno
765 2130 1028 2193 M.c.lxxiiij.
1049 2130 1164 2176 obiit
1188 2130 1310 2176 bone
1328 2130 1552 2177 memorie
1571 2129 1847 2194 Ingeramus
1865 2130 2109 2194 episcopus
2127 2129 2468 2183 Glasconenfis,
2547 2145 2604 2179 fol.
2627 2149 2646 2179 *2
2675 2174 2683 2180 .

542 2210 587 2255 in
612 2208 688 2256 die
713 2208 1045 2272 purificationis
1069 2208 1208 2255 beate
1235 2207 1389 2255 Marie
1426 2207 1566 2272 [Feb.
1592 2208 1664 2272 2]‚
1688 2208 1917 2256 kalendas
1943 2208 2159 2256 Martiis*

611 2286 742 2334 Obiit
769 2286 1012 2335 Ascelinus
1040 2288 1214 2351 primus
1246 2286 1393 2335 abbas
1417 2286 1476 2334 de
1505 2287 1669 2335 Kinlos
1692 2287 1739 2334 in
1766 2287 2003 2342 Mureuia,
2029 2288 2104 2335 cui
2132 2288 2179 2335 in
2207 2288 2312 2336 loco
2335 2288 2467 2336 mini-

541 2366 662 2413 sterii
686 2365 824 2430 hujus
842 2365 1088 2414 Reinerius
1111 2365 1332 2420 succeffit,
1356 2366 1615 2435 monachus
1646 2366 1706 2413 de
1732 2364 1957 2429 Meylros.

610 2443 741 2491 Obiit
763 2443 986 2492 Ofbertus
1010 2445 1184 2508 primus
1203 2443 1350 2491 abbas
1366 2444 1424 2492 de
1444 2444 1471 2492 J
1476 2443 1761 2499 eddewrtha,
1779 2444 1854 2492 cui
1870 2443 2077 2492 succefiit
2096 2444 2327 2492 Ricardus
2351 2445 2467 2508 ejus-

542 2523 647 2570 dem
672 2522 951 2570 cellerarius.
1187 2571 1189 2573 .

607 2600 844 2648 Jocelinus
880 2600 1027 2649 abbas
1061 2601 1325 2649 monasterii
1349 2601 1408 2649 de
1435 2601 1630 2657 Melros,
1645 2618 1840 2649 numero
1860 2602 1993 2666 iiijtus,
2020 2619 2049 2649 a
2073 2602 2214 2657 clero,
2240 2620 2268 2650 a
2291 2603 2467 2667 populo

542 2681 760 2743 exigente
785 2687 832 2727 et
867 2696 979 2745 rege
1004 2680 1101 2743 ipso
1127 2679 1423 2735 affenciente,
1443 2680 1504 2727 ad
1530 2680 1771 2728 ecclefiam
1799 2681 2135 2728 Glascuenfem
2160 2681 2311 2745 presul
2336 2682 2468 2746 eligi-

542 2766 628 2811 tur,
654 2775 697 2805 x.
727 2758 955 2806 kalendas
970 2758 998 2806 J
1003 2758 1097 2806 unii
1127 2758 1267 2823 [Maij
1285 2759 1370 2823 23]
1399 2759 1525 2823 apud
1548 2759 1658 2807 Pert
1676 2760 1723 2807 in
1752 2760 1941 2815 Scotia;
1966 2760 2032 2807 vir
2050 2760 2174 2808 mitis
2189 2768 2237 2808 et
2266 2760 2467 2824 morige-

544 2844 684 2891 ratus,
709 2837 775 2883 vir
799 2838 1068 2884 mansuetus
1092 2845 1139 2884 et
1162 2837 1447 2885 moderatus.

611 2915 873 2963 Willelmus
891 2932 971 2963 rex
1001 2915 1159 2964 Scotie
1179 2917 1330 2964 rursus
1349 2917 1603 2965 exercitum
1622 2916 1830 2966 Alnewic
1846 2917 2028 2972 direxit,
2046 2918 2189 2965 immo
2207 2918 2304 2981 ipse
2319 2917 2465 2971 duxit,

543 2993 711 3041 multos
734 2994 930 3059 fugavit,
954 2995 1125 3042 multos
1149 2995 1430 3059 prostravit.⁰
2429 3000 2433 3003 ’

594 3106 606 3124 “
623 3106 689 3140 See
702 3107 834 3147 Diceto,
848 3108 914 3142 col.
927 3108 987 3142 sol.
1000 3110 1069 3146 573
1078 3123 1088 3148 3
1102 3109 1230 3143 Hoved.
1243 3109 1303 3143 fol.
1317 3112 1403 3149 3083
1425 3110 1474 3144 W.
1490 3110 1661 3156 Newbrig.
1673 3110 1708 3144 ii.
1723 3112 1788 3150 30;
1803 3110 1862 3144 M.
1877 3110 1988 3151 Paris,
2008 3121 2042 3155 p.
2054 3112 2113 3144 89.
2164 3109 2175 3130 ¹
2189 3109 2383 3154 Brontpton,
2395 3109 2462 3143 col.

552 3162 650 3192 1089.
762 3159 788 3175 “¹
802 3161 873 3195 Itis
884 3162 1029 3196 obvious
1039 3162 1116 3197 that
1125 3162 1187 3197 the
1196 3164 1310 3198 textis
1322 3175 1451 3209 wrong,
1471 3164 1575 3199 when
1588 3165 1615 3198 it
1627 3165 1804 3200 considers
1819 3164 1881 3200 the
1893 3164 1983 3200 feast
1991 3163 2035 3199 of
2042 3164 2105 3199 the
2119 3162 2342 3208 Purification
2352 3174 2390 3198 as
2403 3163 2466 3198 the

547 3220 641 3250 same
657 3226 695 3249 as
711 3215 771 3250 the
791 3219 844 3251 lst
859 3217 901 3251 of
914 3218 1048 3252 March.
1099 3219 1132 3252 It
1148 3230 1228 3264 may
1242 3220 1287 3254 be
1314 3220 1538 3265 conjectured
1560 3219 1638 3255 that
1660 3220 1731 3254 this
1759 3220 1892 3256 second
1914 3220 1996 3255 date
2018 3219 2162 3264 belongs
2187 3225 2228 3254 to
2250 3218 2313 3253 the
2337 3219 2411 3253 obit
2426 3218 2469 3254 of

544 3269 605 3304 the
621 3270 724 3304 abbat
740 3270 782 3304 of
794 3270 928 3312 Kinlos,
947 3273 1010 3306 but
1026 3273 1087 3307 the
1103 3280 1340 3318 arrangement
1355 3274 1398 3308 of
1406 3274 1469 3309 the
1488 3274 1567 3310 MS.
1581 3275 1610 3309 is
1622 3274 1797 3310 followed.
1941 3275 1960 3291 ¹²
1980 3275 2021 3309 In
2037 3274 2099 3309 the
2111 3274 2252 3320 margin,
2270 3279 2294 3294 ‘⁸
2307 3274 2342 3320 ij.
2357 3275 2464 3309 abbas

546 3324 590 3358 de
609 3324 777 3369 Kynlos.”
827 3326 914 3360 This
923 3334 1007 3361 note
1023 3326 1086 3361 bas
1102 3328 1191 3362 been
1207 3327 1327 3373 nearly
1341 3328 1473 3363 erased.
1617 3327 1633 3344 ⁰
1654 3329 1721 3368 See
1744 3330 1902 3370 Ger-vase,
1921 3329 1989 3364 col.
2010 3330 2112 3370 1427,
2130 3328 2184 3364 for
2199 3340 2243 3364 an
2261 3335 2411 3365 account
2426 3329 2470 3364 of

547 3379 607 3414 the
624 3380 782 3415 cruelties
799 3380 914 3415 which
931 3381 1096 3417 attended
1111 3382 1180 3416 this
1196 3382 1376 3428 irruption.
