2904 3886
11 3553 17 3562 ,
0 3242 18 3535 *prm*·4-‹-=5,v-.„,.-„
0 3200 7 3230 ,ΑΔ
0 3172 2 3179 .
0 3149 5 3159 ΔΑ

23 3583 25 3586 ”
22 3508 27 3511 ·
23 3392 25 3395 -
21 3371 28 3376 ι

324 513 497 578 asA·D·
529 517 669 562 1244.
837 509 1255 562 oHRoNloA
1299 509 1401 559 DE
1451 467 1839 559 MAILRosss
2205 513 2296 564 157

357 654 570 717 jefitione
594 654 836 719 perhenni.
907 653 1059 718 Super
1082 652 1204 701 statu
1227 650 1476 700 miserabili
1498 658 1621 699 terre
1644 650 1807 699 sancte
1831 657 1880 698 et
1903 649 2006 714 ejus
2030 648 2296 697 affliccioni-

364 732 466 788 bus,
486 750 580 798 que
598 733 779 782 noviter
803 733 1076 781 acciderunt
1095 732 1154 780 de
1169 731 1321 780 subito
1340 738 1388 779 et
1402 731 1645 796 inopinato
1667 729 2049 779 Corosminorum
2073 728 2295 782 adventu,

362 812 491 875 quod
517 812 647 860 vobis
670 829 753 877 per
780 812 986 860 nostrum
1010 810 1325 876 patriarcham
1347 810 1490 858 fuerit
1519 810 1801 865 intimatum,
1827 826 1856 857 a
1878 808 2106 856 memoria
2128 807 2297 856 sancti-

364 891 476 939 tatis
499 891 648 939 vestre
682 908 777 939 non
809 891 1043 946 credimus
1075 889 1308 939 excidisse.
1393 889 1518 937 Cum
1550 895 1711 937 autem
1746 888 1807 936 ad
1842 889 2029 953 presens
2063 887 2214 952 major
2244 885 2298 934 fit

360 970 604 1018 necessitas
626 970 898 1025 nunciandi,
923 986 981 1018 eo
1006 969 1135 1034 quod
1159 968 1309 1033 culpis
1331 967 1496 1016 nostris
1521 967 1819 1032 exigentibus
1842 967 2221 1032 multiplicaverit
2249 966 2295 1014 in

363 1048 513 1096 Terra
550 1050 714 1097 sancta
753 1049 992 1096 Dominus
1027 1048 1100 1095 his
1140 1046 1431 1111 temporibus
1469 1046 1675 1111 flagella,
1714 1046 1872 1094 vestris
1914 1046 2120 1101 auribus,
2161 1053 2296 1110 pater

359 1127 652 1182 sanstiffime,
672 1127 753 1191 qui
777 1127 824 1174 in
847 1127 1037 1191 specula
1057 1126 1252 1174 Domini
1277 1125 1384 1173 estis
1402 1125 1638 1173 constituti
1662 1126 1797 1189 super
1817 1125 1932 1172 alios
1951 1126 2294 1189 praeminentes,

360 1206 659 1254 ecclesiarum
683 1206 1043 1254 sollicitudinem
1062 1205 1301 1253 cotidiana
1319 1204 1538 1252 instantia
1556 1204 1847 1259 sustinentes,
1867 1204 1914 1251 in
1933 1206 2067 1268 cujus
2090 1204 2296 1252 humeris

358 1285 502 1333 archa
537 1285 732 1333 Domini
767 1285 1063 1340 sustentatur,
1101 1283 1294 1332 ecclesie
1334 1283 1701 1331 Ierosolimitane
1736 1283 1940 1347 suspiria,
1978 1290 2025 1331 et
2063 1284 2297 1331 excidium

358 1365 518 1429 populi
549 1365 815 1420 Christiani,
851 1372 897 1412 et
923 1364 1184 1429 periculum
1211 1363 1360 1411 Terre
1383 1363 1563 1418 sancte,
1589 1362 1898 1411 communiter
1929 1362 2146 1410 intimare
2170 1364 2296 1428 cogi-

357 1461 473 1492 mur.
547 1435 763 1492 Vestram
803 1445 966 1508 itaque
1007 1444 1305 1491 sancititatem
1345 1442 1564 1490 nolumus
1604 1442 1838 1507 ignorare,
1877 1442 2005 1506 quod
2042 1442 2316 1506 supradifiti,

362 1524 639 1579 Corosmini,
673 1541 873 1588 quorum
897 1523 1148 1571 crudelitas
1172 1522 1416 1570 bestialem
1447 1522 1683 1569 feritatem
1716 1521 1918 1576 excedit,
1951 1528 2134 1586 partem
2165 1539 2295 1586 mag-

356 1619 469 1649 nam
510 1603 879 1651 Ierosolimitane
920 1602 1174 1667 provincie,
1216 1601 1435 1649 videlicet
1477 1618 1505 1648 a
1543 1601 1726 1648 Nirone
1766 1601 1966 1648 militum
2001 1602 2130 1666 quod
2165 1602 2294 1666 viij‘0.

358 1682 565 1729 miliariis
591 1682 728 1729 distat
761 1699 790 1730 a
817 1682 1086 1736 Ierusalem,
1111 1682 1258 1745 usque
1291 1680 1352 1728 ad
1384 1688 1542 1744 partes
1568 1679 1804 1728 Ascalone
1829 1688 1876 1727 et
1904 1680 2104 1736 Gazaie,
2137 1681 2182 1727 in
2216 1681 2296 1728 ad-

358 1768 501 1808 ventu
538 1762 604 1809 sui
643 1761 881 1826 primordii
922 1768 1229 1825 occuparunt,
1269 1768 1316 1807 et
1357 1759 1570 1807 detinent
1608 1767 1905 1824 occupatam.
1979 1759 2058 1807 Ad
2096 1777 2296 1824 quorum

357 1840 613 1888 adventum
648 1841 786 1888 timor
821 1848 869 1888 et
903 1848 1075 1888 tremor
1110 1839 1458 1904 inopinabiliter
1493 1840 1540 1886 in
1575 1839 1812 1886 mentibus
1848 1839 2099 1886 Christiani
2133 1839 2295 1904 populi

358 1920 636 1983 supervenit,
674 1937 731 1968 eo
767 1919 896 1984 quod
927 1919 974 1966 in
1007 1919 1129 1983 ipsos
1157 1919 1283 1966 omni
1317 1918 1606 1976 crudeli-tatis
1637 1935 1813 1982 genere
1845 1918 2099 1974 deseviant,
2132 1936 2294 1967 eorum

355 1999 632 2064 sanguinem
656 1999 884 2054 ficientes,
904 1998 985 2063 qui
1005 2015 1113 2046 cum
1138 2015 1166 2045 a
1189 1998 1322 2045 terris
1345 1997 1582 2045 natalibus
1599 2014 1682 2061 per
1703 1997 2010 2044 Tartarorum
2034 1998 2295 2062 potentiam

354 2077 440 2124 fint
465 2078 655 2142 expulfi,
687 2095 782 2125 non
813 2077 1045 2125 habentes
1070 2076 1182 2124 alibi
1213 2075 1518 2131 manfionem,
1543 2076 1590 2123 in
1623 2076 1852 2140 praedicta
1876 2084 1999 2124 terra
2032 2078 2092 2124 ad
2117 2078 2293 2125 soldani

358 2156 620 2222 Babylonie
645 2157 893 2222 imperium
919 2155 1222 2210 accesserunt,
1247 2156 1328 2219 qui
1354 2155 1421 2203 eis
1445 2163 1618 2203 terram
1643 2172 1787 2219 quam
1811 2155 2076 2203 inhabitant
2105 2157 2294 2204 Christi-

356 2237 448 2291 ani,
475 2237 642 2284 dicitur
667 2235 924 2285 contuliffe.
996 2235 1105 2283 Nec
1129 2242 1357 2282 venerunt
1381 2242 1566 2282 tantum
1598 2242 1649 2281 ut
1680 2242 1852 2282 terram
1877 2235 2115 2282 destruant
2148 2244 2195 2283 et
2226 2253 2294 2283 re-

356 2316 542 2371 cedant,
579 2316 659 2364 sed
695 2333 802 2364 eam
837 2332 944 2363 cum
977 2314 1200 2363 uxoribus
1233 2321 1280 2362 et
1314 2313 1520 2369 familiis,
1554 2313 1684 2378 quafi
1718 2314 1970 2378 propriam,
2007 2315 2294 2370 inhabitant;

356 2395 601 2443 credentes
632 2394 714 2443 fibi
746 2394 1008 2442 mansiones
1036 2401 1084 2441 et
1116 2393 1354 2441 domicilia
1385 2400 1614 2458 perpetuo
1640 2393 1905 2448 vendicare,
1938 2393 2019 2440 nifi
2043 2394 2187 2442 virtus
2214 2394 2295 2441 Al-

358 2473 508 2521 tiffimi
543 2473 649 2538 ipfis
673 2473 916 2528 obstiterit,
949 2480 997 2521 et
1027 2473 1161 2521 sedes
1193 2472 1449 2537 apostolica
1483 2489 1676 2519 manum
1709 2480 1872 2520 contra
1906 2472 2009 2520 illos
2040 2474 2296 2536 porrexerit

359 2552 651 2616 adjutricem.
728 2552 964 2600 Soldanus
989 2552 1116 2599 enim
1147 2551 1416 2616 praedic'cus,
1442 2559 1586 2615 caput
1617 2551 1862 2616 sacrilegii,
1896 2568 1977 2599 eos
2008 2552 2214 2616 protegit
2246 2561 2293 2599 et

359 2631 587 2685 defendit,
613 2639 660 2678 et
691 2632 738 2678 in
762 2630 1001 2695 stipendiis
1026 2638 1073 2678 et
1098 2630 1308 2678 exenniis
1331 2630 1593 2695 magnificis
1617 2631 1753 2678 servit
1778 2631 1860 2686 eis,
1886 2630 2081 2679 credens
2105 2647 2188 2694 per
2213 2649 2294 2679 eos

359 2711 440 2758 fibi
475 2727 675 2775 regnum
709 2710 1060 2758 Damascenum
1092 2717 1140 2757 et
1170 2709 1398 2774 populum
1431 2709 1747 2757 Christianum
1779 2709 2046 2774 subjugare,
2079 2711 2293 2774 quamvis

359 2790 578 2838 soldanus
609 2789 735 2837 idem
762 2789 1062 2836 Babiloniam
1095 2805 1191 2836 non
1223 2795 1378 2843 exeat,
1413 2804 1503 2836 nec
1538 2788 1603 2835 illi
1627 2795 1799 2836 terram
1825 2788 2074 2836 Babilonie
2106 2788 2192 2836 fint
2226 2790 2292 2836 in-

359 2878 481 2916 trare
505 2868 720 2933 permiffi,
746 2868 858 2932 quia
882 2867 942 2915 de
966 2867 1204 2931 praedictis
1236 2866 1468 2922 dubitant,
1500 2874 1689 2931 propter
1720 2867 1988 2931 potenciam
2021 2875 2068 2915 et
2099 2868 2293 2916 infideli-

358 2955 507 2996 tatem
532 2948 749 3012 ipsorum.

429 3027 565 3075 Licet
601 3035 760 3074 autem
796 3025 1176 3074 Corosminorum
1212 3025 1404 3073 afflietio
1439 3025 1648 3072 sufficere
1683 3024 1950 3089 potuiss'et,*
1984 3043 2077 3090 que
2112 3035 2293 3075 mentes

357 3106 569 3153 omnium
605 3106 826 3154 affecerat
862 3105 982 3152 ultra
1016 3104 1226 3159 modum,
1259 3103 1391 3152 dolor
1426 3103 1544 3151 alius
1575 3104 1839 3168 supervenit
1871 3104 2177 3153 Tartarorum
2213 3106 2293 3154 ad-

359 3193 519 3241 ventu,
545 3202 743 3250 quorum
769 3184 1000 3233 exercitus
1025 3183 1344 3232 inestimabilis
1368 3190 1518 3231 totam
1542 3168 1818 3231 orientalem
1842 3184 2035 3250 plagam
2059 3185 2220 3232 terruit
2245 3192 2292 3232 et

862 3293 885 3317 *
909 3290 988 3325 The
1006 3290 1102 3326 word
1121 3295 1144 3311 “
1158 3291 1304 3336 posset'’
1321 3290 1350 3324 is
1367 3289 1565 3336 expuncted
1581 3289 1615 3324 in
1632 3289 1694 3325 the
1715 3289 1794 3325 MS.
