2904 3886
668 506 759 557 160
1124 505 1546 556 CHRONICA
1589 505 1689 555 DE
1739 505 2119 558 MAILROS.
2273 510 2405 561 A.D.
2437 515 2579 562 1244.

660 664 753 697 non
778 653 962 713 poterat
992 645 1086 694 fine
1114 644 1492 693 Corosminorum
1517 642 1716 699 affensu3
1752 642 1832 692 sed
1854 643 2044 693 firmiter
2075 643 2379 709 promittebat
2401 646 2463 696 ad
2489 646 2583 697 Co·

662 726 883 775 rosminos
907 724 1185 788 sollempnes
1208 722 1404 771 nuncios
1428 723 1474 770 se
1493 720 1744 778 miffurum,
1763 738 1883 787 quos
1906 721 2124 787 precibus
2147 730 2196 773 et
2218 723 2429 775 exenniis
2451 724 2584 775 indu·

657 813 798 859 ceret,
818 811 868 851 ut
885 802 1117 858 tradebat,
1134 809 1184 850 ut
1203 801 1541 867 indempnitate
1561 800 1763 866 praestita
1781 800 1842 849 ad
1857 800 2066 867 ejusdem
2083 801 2261 851 soldani
2280 802 2585 860 conductum,
2624 830 2684 867 fol.
2703 833 2761 870 47.
2780 832 2815 866 b,

656 883 878 949 populum
904 882 1051 946 ipsum
1076 888 1175 929 tute
1200 881 1488 946 permitteret
1513 881 1559 928 in
1583 887 1754 929 terram
1777 880 2146 930 Christianorum
2170 881 2316 931 abire.
2366 881 2442 932 Ac
2458 882 2585 933 idem

656 964 798 1010 frater
827 961 1006 1016 Sir'non,
1031 959 1206 1009 relietis
1231 959 1332 1008 aliis
1360 960 1542 1008 nunciis
1566 975 1672 1008 cum
1699 959 1867 1008 eodem
1891 959 2100 1016 soldano,
2125 960 2172 1009 in
2200 960 2451 1011 Ierusalem
2475 978 2584 1012 con-

655 1041 802 1090 duGtu
827 1040 1003 1089 soldani
1037 1038 1175 1105 ipfius
1200 1039 1338 1104 juxta
1369 1039 1645 1087 mandatum
1676 1038 1883 1088 nostrum
1908 1039 2138 1096 ascendit;
2174 1040 2254 1105 qui
2279 1048 2380 1090 toto
2408 1041 2583 1107 populo

655 1127 961 1186 congregatn,
994 1126 1041 1167 et
1076 1118 1157 1183 ipfi
1195 1118 1454 1184 praedicans
1490 1118 1683 1167 verbum
1726 1118 1837 1174 Dei,
1878 1119 2148 1168 confortans
2184 1120 2502 1186 multipliciter
2535 1129 2583 1170 et

655 1200 906 1248 exhortans
930 1207 977 1247 et
1002 1197 1307 1246 remiffionem
1332 1197 1399 1245 eis
1431 1197 1656 1253 tribuens,
1680 1197 1794 1246 ficut
1819 1215 1846 1245 a
1870 1196 2006 1246 nobis
2029 1198 2296 1262 patriarcha
2320 1200 2582 1265 susceperat

656 1281 701 1327 in
726 1278 977 1333 mandatis,
1002 1276 1343 1342 responsionem
1375 1275 1479 1341 ipfis
1514 1276 1670 1324 retulit
1695 1292 1837 1341 quam
1863 1277 2125 1341 susceperat
2149 1277 2195 1324 in
2221 1277 2324 1327 aliis
2348 1279 2529 1327 nunciis
2554 1296 2582 1327 a

653 1358 859 1406 soldano.
911 1356 1120 1421 Populus
1144 1363 1303 1404 autem
1331 1355 1580 1403 Ierusalem
1599 1354 1786 1403 consilio
1811 1356 2157 1404 communicato
2182 1357 2432 1422 respondit,
2451 1358 2579 1423 quod

654 1437 808 1502 potius
834 1437 879 1483 in
904 1436 1091 1483 civitate
1117 1436 1242 1483 fame
1268 1442 1314 1482 et
1338 1433 1467 1498 peste
1491 1435 1606 1482 mori
1632 1433 1869 1489 volebant,
1894 1451 2036 1498 quam
2061 1436 2106 1483 se
2126 1435 2442 1485 crudeliffimis
2466 1454 2580 1502 gen-

655 1516 779 1563 tibus
804 1514 1009 1569 credere,
1036 1514 1106 1562 vel
1140 1513 1356 1561 manibus
1380 1513 1671 1560 committere
1696 1512 1889 1567 soldani,
1915 1513 1974 1560 de
1999 1513 2132 1577 cujus
2169 1514 2443 1563 infidelitate
2468 1517 2581 1564 certi

657 1605 788 1642 erant
817 1602 865 1641 et
899 1593 1165 1641 nullatenus
1190 1591 1485 1646 dubitabant,
1524 1592 1603 1639 sed
1632 1591 1853 1639 volebant
1885 1592 2074 1640 omnino
2108 1592 2152 1639 in
2183 1593 2370 1641 civitate
2403 1610 2582 1659 perma-

653 1690 780 1727 nere,
823 1671 1120 1736 expectando
1158 1670 1519 1718 misericordiam
1558 1670 1669 1719 Jesu
1706 1670 1875 1718 Christi
1915 1678 1962 1719 et
1999 1671 2276 1720 succursum.
2358 1672 2582 1722 Ceterum

652 1755 795 1800 frater
825 1752 1004 1805 Simon,
1030 1750 1280 1815 perquisito
1304 1750 1426 1797 statu
1450 1757 1586 1804 terre,
1612 1749 1879 1814 intelligens
1910 1750 2037 1815 quod
2062 1750 2239 1799 νίἆὶυηι
2271 1750 2511 1800 habebant
2535 1761 2583 1800 et

655 1831 781 1896 quod
803 1830 862 1878 ad
883 1831 942 1894 vj.
964 1829 1254 1877 ebdomadas
1278 1830 1485 1877 sufficere
1510 1828 1673 1893 poss'et,
1693 1828 1854 1877 audita
1879 1829 2171 1893 responsione
2191 1846 2368 1886 eorum,
2394 1830 2583 1879 firmiter

656 1910 852 1958 inhibuit
878 1908 1095 1957 universis
1119 1925 1178 1956 ne
1203 1908 1262 1956 de
1288 1908 1476 1955 civitate
1507 1907 1601 1955 fine
1627 1907 1866 1956 conductu
1898 1909 2133 1956 communi
2159 1909 2403 1973 quisquam
2436 1910 2582 1958 laten-

653 1998 722 2036 ter
747 1989 909 2042 exiret,
935 1987 1013 2035 sed
1038 1988 1275 2051 sperantes
1308 1987 1352 2034 in
1380 1986 1594 2034 Altiffimi
1624 1986 1937 2034 misericordia
1962 1988 2007 2035 se
2039 1988 2227 2035 viriliter
2258 1988 2581 2044 defenderent,

657 2067 1022 2115 Christianorum
1057 2066 1312 2113 exercitum
1345 2066 1674 2129 expectante&
1711 2065 1790 2129 qui
1827 2066 2017 2114 tandem
2049 2066 2108 2114 de
2140 2066 2327 2115 civitate
2356 2067 2583 2116 recedens

655 2163 736 2211 per
762 2145 1002 2193 soldanum
1027 2144 1160 2192 rediit
1186 2152 1511 2198 memoratum,
1537 2144 1637 2208 ejus
1662 2144 1901 2193 conductu
1937 2144 1997 2192 ad
2032 2161 2117 2193 nos
2141 2145 2367 2209 praedicta
2391 2147 2581 2195 nuncia-

656 2235 785 2273 turus
810 2223 1008 2272 accessit.
1082 2223 1190 2270 Post
1215 2223 1347 2288 cujus
1380 2222 1578 2271 reditum
1603 2223 1739 2271 tertia
1763 2222 1839 2271 die
1863 2223 1978 2271 hora
2001 2223 2080 2271 ix⁸.
2114 2240 2198 2288 pro
2222 2231 2351 2272 certo
2386 2226 2581 2290 suscepi-

656 2321 773 2359 mus,
813 2302 956 2368 quod,
999 2303 1100 2350 aliis
1138 2302 1405 2350 inconsultis
1440 2309 1487 2349 et
1527 2302 1706 2357 nesciis,
1748 2302 1979 2351 noGturno
2017 2310 2227 2367 tempore
2267 2319 2443 2368 magna
2475 2320 2582 2368 pars

656 2383 894 2431 hominum
920 2389 1202 2430 armatorum
1227 2380 1286 2429 de
1311 2381 1499 2429 civitate
1530 2381 1771 2436 recedens,
1805 2381 1929 2446 apud
1966 2381 2111 2445 Iopen
2144 2381 2389 2430 infeliciter
2420 2399 2580 2447 perve-

651 2470 838 2516 nerunt3
864 2460 923 2508 de
942 2477 1140 2525 quorum
1164 2460 1334 2508 furtivo
1359 2459 1550 2507 discessu
1570 2460 1782 2508 dolentes
1805 2477 1899 2508 non
1923 2460 2159 2508 modicum
2185 2468 2231 2508 et
2257 2463 2494 2518 commoti,
2520 2479 2578 2511 eo

652 2541 778 2606 quod
805 2548 1011 2589 ceterum
1037 2539 1261 2605 populum
1289 2539 1705 2587 lerosolimitanum
1730 2540 1775 2587 in
1801 2539 2068 2587 divisionem
2104 2540 2307 2604 posuerit
2337 2548 2385 2588 et
2420 2549 2577 2606 ruptu-

652 2638 779 2675 ram;
823 2619 963 2685 paulo
1004 2618 1105 2684 post
1143 2635 1350 2667 rumores
1381 2618 1441 2666 de
1478 2618 1718 2683 sepedicto
1760 2618 2126 2667 lerosolimitano
2167 2620 2342 2684 populo
2378 2619 2576 2669 sinistros

652 2699 930 2765 suscepimus
955 2706 1002 2746 et
1025 2697 1350 2747 lacrimabiles.
1424 2697 1511 2763 Ipfi
1536 2698 1676 2753 enirn,
1706 2697 2083 2746 Corosminorum
2108 2698 2327 2747 iteratum
2357 2699 2576 2749 timentes

658 2779 927 2834 adventum,
952 2778 1070 2826 ultra
1096 2777 1156 2842 vj.
1182 2777 1326 2825 millia
1351 2776 1608 2832 hominum,
1644 2777 1877 2825 nonnullis
1914 2778 1958 2825 in
1983 2777 2171 2826 civitate
2202 2777 2377 2826 relietis
2401 2779 2482 2843 qui
2506 2795 2575 2827 re-

648 2858 814 2906 cedere
846 2858 905 2905 de
934 2857 1122 2906 civitate
1153 2856 1417 2910 noluerunt,
1443 2856 1502 2905 de
1527 2856 1762 2904 communi
1788 2855 1991 2912 consilio,
2016 2864 2113 2904 tam
2138 2856 2292 2905 clerici
2325 2873 2467 2921 quam
2491 2857 2572 2905 viri

649 2936 845 3001 religiosi
871 2945 918 2985 et
942 2937 1179 3001 utriusque
1210 2937 1345 2984 sexus
1368 2936 1491 2991 laici,
1516 2935 1593 2984 die
1619 2935 1787 2984 Martis
1812 2936 1858 2983 in
1882 2935 2041 3001 vigilia
2065 2935 2212 2984 sancti
2240 2935 2571 2984 Bartholomoei

652 3015 803 3081 [Aug.
829 3015 914 3080 23]
955 3016 1077 3064 circa
1111 3015 1420 3080 vespertinam
1458 3014 1637 3071 horam,
1675 3016 1777 3064 sunt
1815 3014 2051 3063 civitatem
2089 3014 2268 3080 egreffi,
2303 3013 2364 3062 ad
2400 3020 2569 3062 terram

651 3094 1015 3143 Christianorum
1050 3095 1136 3143 iter
1168 3094 1408 3160 capientes
1442 3111 1525 3159 per
1559 3094 1664 3143 loca
1698 3101 1938 3150 montana,
1962 3092 2118 3143 confisi
2149 3092 2209 3142 de
2243 3091 2420 3156 treugis
2450 3108 2570 3156 quas

652 3188 756 3219 cum
787 3172 1055 3222 Sarracenis
1079 3173 1138 3222 de
1169 3173 1402 3221 montanis
1433 3172 1689 3228 habebant,
1721 3173 1960 3238 sperantes
1989 3187 2072 3237 per
2102 3171 2229 3219 illam
2251 3170 2375 3218 viam
2403 3169 2568 3218 Coros-

649 3250 875 3298 minorum
907 3251 1163 3315 periculum
1187 3252 1378 3306 evitare,
1410 3259 1458 3300 et
1481 3251 1592 3300 dum
1622 3251 1814 3300 Scillam
1838 3250 2013 3300 evitare
2036 3247 2279 3298 crederent
2306 3248 2569 3297 inciderunt
