2904 3886
356 436 656 486 A.D.1235.
814 433 1243 484 CHRONICA
1288 431 1389 481 DE
1435 430 1828 481 MAILROS.
2208 436 2299 485 147

352 577 514 626 halare
537 578 768 625 fecerunt.
840 575 978 624 Duos
1002 591 1113 623 vero
1137 581 1253 622 natu
1277 573 1480 639 majores
1515 572 1822 626 retinuerunt,
1855 587 1976 637 quos
2001 569 2129 635 apud
2155 570 2300 618 Edin-

354 657 501 705 burch
527 656 587 705 ab
612 656 747 721 equis
772 655 985 717 dilaniari
1009 655 1239 703 fecerunt.
1305 653 1484 702 Sedata
1506 651 1701 701 tandem
1728 651 1964 716 Galueya,
1988 651 2188 699 heredes
2212 658 2300 699 ter-

355 754 430 785 ras
455 743 755 802 acceperunt,
780 752 900 800 quas
918 735 1038 783 inter
1062 735 1109 782 se
1134 750 1260 798 equa
1283 733 1420 781 lance
1444 732 1712 781 diviserunt.

423 817 559 872 Item,
601 816 878 881 desponsata
919 814 986 863 est
1023 814 1215 861 domina
1255 812 1470 867 Mariori,
1504 812 1630 860 soror
1667 811 1845 859 domini
1881 810 2138 859 Alexandri
2176 811 2300 875 regis

360 897 646 951 Scottorum,
673 894 800 960 apud
822 893 1076 948 Beruuich‚
1101 893 1148 940 in
1168 892 1244 940 die
1268 891 1419 940 sanffld
1446 891 1574 939 Petri
1599 891 1662 938 ad
1684 890 1872 939 vincula
1895 890 2050 956 [Aug.
2073 890 2141 956 l],
2166 890 2300 956 cujus

355 975 698 1041 desponsationi
736 973 947 1022 interfuit
978 973 1074 1038 ipse
1107 989 1188 1020 rex
1226 979 1274 1019 et
1308 978 1559 1036 magnates
1597 971 1699 1035 ejus
1730 970 1880 1035 regni,
1915 970 2031 1018 ficut
2063 988 2122 1019 ex
2154 971 2302 1020 altera

354 1063 487 1120 parte
511 1054 729 1102 dominus
756 1053 824 1101 G.·
848 1052 1025 1117 Anglie
1049 1050 1384 1100 mareschallus
1409 1057 1457 1098 et
1488 1066 1648 1098 comes
1673 1050 1732 1098 de
1760 1050 2057 1105 Penbruch,0
2081 1051 2161 1115 qui
2194 1068 2300 1099 eam

355 1135 487 1182 duxit
511 1135 558 1182 in
583 1150 793 1188 uxorem,
818 1149 927 1180 cum
950 1132 1110 1180 multis
1133 1130 1371 1179 nobilibus
1394 1130 1503 1178 viris
1530 1129 1723 1196 Anglie.

422 1214 530 1262 Hoc
556 1230 680 1262 anno
713 1212 912 1262 contulit
945 1212 1163 1260 dominus
1197 1210 1487 1266 Alexander,
1517 1227 1598 1258 rex
1638 1209 1823 1264 Scocie,
1850 1209 2011 1257 domui
2037 1209 2096 1257 de
2124 1209 2302 1259 Melros

351 1294 574 1343 forestam
599 1294 658 1342 de
685 1292 901 1348 Ettrich3
937 1300 985 1341 et
1010 1291 1260 1340 abbaciam
1285 1291 1345 1339 de
1372 1290 1554 1339 Melros
1578 1307 1687 1338 cum
1712 1289 1831 1354 iiij0r.
1870 1289 2082 1354 grangiis
2107 1290 2301 1337 circum-

347 1374 618 1439 jacentibus
644 1392 672 1422 a
695 1373 870 1422 foresta
894 1373 976 1421 sua
999 1372 1196 1420 liberam
1222 1371 1314 1420 effe
1338 1371 1617 1419 constituit.P

424 1454 566 1502 Anno
602 1454 797 1502 Domini
829 1452 1117 1517 M.cc.xxxvj.
1152 1452 1386 1516 dompnus
1415 1450 1753 1499 Constantinus
1782 1449 1932 1497 abbas
1964 1449 2024 1497 de
2058 1449 2301 1498 Neubotle

354 1536 435 1582 suo
461 1534 588 1582 ceffit
612 1534 783 1588 officio,
804 1534 879 1581 cui
905 1532 1112 1580 succeffit
1137 1532 1371 1596 dompnus
1398 1530 1634 1596 Rogerus,
1660 1529 1927 1578 cellerarius
1952 1529 2012 1577 de
2039 1529 2234 1578 Melros.

423 1614 608 1662 Eodem
627 1630 751 1661 anno
771 1612 887 1661 obiit
911 1611 1190 1660 venerabilis
1210 1611 1499 1660 Gillebertus
1523 1610 1770 1675 episcopus
1789 1609 1848 1657 de
1870 1609 2164 1664 Dunkeldin‚
2185 1617 2232 1657 et
2256 1610 2302 1657 in

354 1694 502 1742 insula
521 1694 670 1741 sancti
693 1692 979 1741 Columbani
1000 1692 1067 1740 est
1091 1692 1320 1756 sepultus3
1346 1691 1393 1738 in
1417 1691 1523 1739 loco
1544 1698 1703 1738 autem
1723 1690 1826 1754 ejus
1851 1689 2033 1738 electus
2053 1689 2121 1737 est
2139 1689 2302 1754 domp-

353 1791 442 1822 nus
470 1773 745 1828 Gaufridus,
772 1772 968 1820 clericus
993 1771 1134 1836 regis.

425 1854 561 1908 Item,
591 1852 830 1901 Jordanus
869 1851 1017 1900 abbas
1053 1851 1113 1899 de
1140 1851 1471 1915 Dundraynan
1509 1857 1557 1898 et
1589 1849 1827 1897 Robertus
1862 1848 2020 1896 dictus
2059 1848 2206 1896 abbas
2243 1850 2302 1897 de

357 1933 559 1981 Glenlus
587 1932 910 1997 deponuntur;
946 1939 993 1979 et
1023 1931 1085 1978 ad
1122 1931 1334 1996 regimen
1364 1930 1423 1978 de
1459 1930 1788 1993 Dundraynan
1821 1928 2054 1993 dompnus
2093 1927 2303 1977 Leonius

352 2012 613 2061 monachus
632 2012 691 2060 de
713 2011 894 2060 Melros
918 2010 1068 2076 pridie
1093 2009 1370 2058 ascensionis
1394 2009 1535 2074 [Maij
1560 2008 1610 2074 7]
1635 2009 1839 2074 eligitur,
1864 2025 1953 2055 nec
1977 2008 2178 2073 multum
2201 2009 2304 2073 post

353 2092 587 2157 dompnus
613 2091 842 2147 Michael,
867 2091 991 2156 prior
1016 2090 1075 2138 de
1103 2090 1299 2145 Melros,
1325 2090 1384 2137 de
1413 2089 1614 2137 Glenlus
1639 2088 1789 2136 abbas
1814 2087 2122 2136 constituitur.

424 2172 561 2227 Item,
588 2171 822 2236 dompnus
844 2171 1029 2219 Alanus
1053 2170 1231 2235 primus
1257 2169 1406 2224 abbas
1430 2169 1581 2217 sancti
1608 2168 1853 2216 Eduuardi
1886 2168 1946 2216 de
1967 2167 2303 2215 Balmurinach

353 2252 469 2300 obiit
493 2252 541 2299 in
566 2251 727 2317 vigilia
752 2250 1071 2316 apostolorum
1099 2250 1226 2298 Petri
1252 2257 1300 2298 et
1328 2249 1465 2297 Pauli
1502 2248 1636 2314 [Jun.
1663 2248 1769 2313 28],
1804 2248 1879 2296 cui
1906 2247 2114 2295 succeffit
2139 2247 2302 2312 domp-

353 2349 440 2379 nus
467 2331 748 2395 Radulphus
773 2330 984 2395 ejusdem
1009 2330 1178 2378 domus
1202 2329 1541 2378 cellerarius.pp

422 2411 527 2460 Rex
550 2412 695 2459 etiam
716 2410 893 2476 Anglie
912 2418 960 2459 et
983 2427 1064 2459 rex
1089 2410 1249 2459 Scotie
1274 2416 1594 2458 convenerunt
1619 2408 1745 2473 apud
1766 2407 1959 2456 Novum
1979 2406 2195 2461 castrum,
2222 2407 2301 2454 ubi

353 2499 569 2540 mutuum
592 2490 860 2538 habuerunt
884 2490 1214 2554 colloquium.q

424 2570 557 2618 Obiit
585 2569 853 2617 WiUelmus
878 2569 1125 2634 episcopus
1153 2568 1436 2634 Wigornief

424 2650 560 2705 Item,
586 2648 819 2713 dompnus
846 2648 1109 2697 Herbertus
1145 2647 1294 2697 abbas
1333 2646 1634 2696 Calcovenfis
1670 2647 1717 2694 in
1753 2646 1829 2694 die
1867 2646 2123 2693 nativitatis
2160 2645 2300 2694 beate

356 2730 510 2778 Marie
550 2728 691 2794 [Sep.
712 2727 764 2793 2]
794 2728 1017 2776 baculum
1041 2745 1150 2776 cum
1174 2728 1313 2776 mitra
1336 2729 1473 2792 super
1507 2727 1661 2791 majus
1697 2726 1844 2774 altare
1880 2726 2048 2790 posuit,
2075 2732 2122 2773 et
2146 2725 2301 2774 taliter

416 2947 432 2961 ⁰
450 2948 612 2993 Dugdale
637 2946 723 2983 cites
747 2945 810 2980 the
838 2944 918 2980 MS.
938 2945 1114 2980 chronicle
1132 2944 1175 2980 of
1193 2944 1391 2980 Dunstable
1408 2956 1446 2979 as
1474 2944 1528 2978 his
1545 2943 1724 2989 authority
1740 2942 1793 2978 for
1819 2943 1947 2988 stating
1968 2942 2046 2977 that
2063 2942 2133 2977 this
2154 2943 2300 2984 Gilbert,

352 3003 424 3038 earl
444 3002 612 3042 Marshal‚
632 3001 794 3036 received
817 3000 904 3036 with
929 3001 984 3036 his
1008 3000 1088 3036 wife
1112 3001 1175 3036 the
1192 3012 1270 3036 sum
1287 3000 1329 3036 of
1347 3012 1444 3035 more
1460 3000 1548 3035 than
1564 3006 1626 3034 ten
1642 2998 1822 3034 thousand
1846 2998 1972 3038 marks,
1998 2998 2136 3034 besides
2161 3011 2183 3034 a
2199 3000 2304 3035 noble

352 3058 474 3105 dowry
500 3058 537 3093 in
566 3057 746 3093 Scotland.
804 3058 995 3103 Bar-onage,
1024 3057 1047 3091 i.
1076 3059 1168 3097 6063
1206 3057 1265 3091 M.
1288 3057 1400 3097 Paris,
1430 3068 1466 3102 p.
1495 3057 1576 3096 296,
1607 3055 1690 3090 calls
1719 3054 1781 3089 her
1817 3059 1840 3074 ‘⁶
1864 3054 1982 3100 puella
2014 3054 2302 3100 elegantissima.’'

353 3113 369 3134 ¹²
390 3114 449 3149 An
465 3120 600 3150 extract
615 3113 705 3148 from
721 3112 783 3148 the
801 3113 970 3148 donation
987 3112 1125 3148 charter
1140 3113 1170 3149 is
1187 3113 1327 3160 printed
1342 3113 1378 3147 in
1396 3112 1458 3147 the
1475 3112 1650 3147 Monastic
1664 3111 1804 3152 Annalae,
1824 3122 1859 3157 p.
1879 3111 1961 3149 273.
2025 3120 2031 3124 ·
2132 3109 2166 3130 ⁹⁹
2182 3111 2223 3146 In
2240 3111 2303 3146 the

352 3170 494 3216 margin,
517 3175 540 3191 “
553 3171 590 3217 ij.
609 3171 716 3205 abbas
734 3169 845 3205 sancti
864 3169 1062 3205 Edwardi.”
1205 3169 1220 3189 ‘¹
1243 3169 1309 3205 See
1327 3169 1482 3209 Foedera,
1502 3168 1525 3203 i.
1548 3170 1627 3209 121,
1655 3167 1725 3202 and
1749 3166 1936 3213 especially
1952 3167 2011 3202 M.
2033 3167 2143 3208 Paris,
2164 3179 2199 3213 p.
2219 3169 2299 3207 295,
2376 3187 2380 3190 >

353 3227 435 3261 296.
580 3226 592 3241 ¹
613 3226 768 3261 William
785 3225 829 3261 de
849 3225 955 3267 Blois,
974 3225 1101 3272 bishop
1119 3224 1161 3260 of
1175 3225 1389 3267 Worcester‚
1408 3224 1488 3260 died
1507 3223 1593 3259 14th
1614 3224 1762 3269 August,
1786 3225 1887 3258 1236.
