2904 3886
208 1052 268 1089 fol.
288 1056 347 1089 68.

426 505 559 555 A.D.
603 504 743 555 1268.
899 501 1322 553 CHRONICA
1367 501 1468 551 DE
1514 500 1899 551 MAILROS.
2266 506 2361 549 205

427 658 432 663 ·
492 647 643 713 Cujus
663 645 780 695 alter
803 662 889 711 pes
906 641 1001 693 non
1020 643 1296 710 relinquitur
1318 642 1414 692 fine
1431 642 1618 692 honore
1634 642 1863 698 miraculi,
1883 649 1934 690 ut
1951 641 2029 708 pie
2048 640 2358 689 estimandum

422 725 503 775 est.
576 725 671 774 Hic
701 742 786 791 pes
817 724 1015 773 mittitur
1051 723 1249 790 principi
1284 722 1594 772 Wallenfium
1620 721 1879 787 Lewylino,
1910 721 1991 787 qui
2021 720 2159 770 fedus
2190 720 2358 769 inierat

420 821 528 854 cum
552 799 762 861 Simone,
781 821 877 870 quo
902 803 964 852 ad
981 803 1133 852 multa
1151 819 1342 869 queque
1365 803 1599 868 suspecta,
1623 818 1717 867 que
1731 808 1947 867 pretereo
1970 808 2161 867 propter
2183 800 2358 849 malam

418 884 548 952 vulgi
572 884 894 950 suspicionem.
946 882 1061 932 Non
1080 880 1331 931 enim'erat
1355 881 1518 930 Simon
1542 880 1638 930 fine
1661 881 1935 947 suspicione,
1952 881 2033 947 qui
2057 888 2159 929 tota
2177 879 2358 946 regalia

422 962 599 1030 Anglie
623 970 738 1012 tunc
760 962 986 1029 temporis
1009 961 1176 1010 habuit
1199 977 1382 1027 regere,
1406 977 1515 1009 cum
1538 977 1653 1026 rege
1683 961 1841 1009 secum
1865 959 1989 1026 juste
2014 960 2223 1016 detento,
2248 975 2356 1008 cum

419 1042 608 1092 consilio
632 1042 879 1091 baronum.
946 1041 1110 1090 Simon
1134 1040 1277 1106 igitur
1301 1039 1414 1106 quia
1437 1039 1712 1104 promiserat
1738 1038 2010 1103 Lewylinoh
2032 1039 2176 1088 filiam
2207 1040 2354 1095 suam,

418 1138 562 1188 quam
585 1117 749 1187 postea
768 1116 967 1185 accepit,
993 1121 1040 1167 in
1059 1118 1330 1184 conjugem,
1350 1125 1402 1167 ut
1420 1117 1602 1166 dictum
1626 1118 1708 1173 est,
1733 1118 1910 1184 recepit
1929 1118 2128 1167 alterum
2152 1118 2355 1167 Simonis

416 1200 588 1265 pedem
619 1199 747 1248 idem
774 1198 1017 1264 Leulynus
1042 1197 1103 1246 ad
1131 1198 1178 1246 se
1203 1197 1486 1246 destinatum
1517 1197 1564 1244 in
1594 1196 1806 1245 odiosum
1835 1204 2158 1262 contemptum
2191 1199 2353 1246 utrius-

416 1296 526 1345 que,
550 1278 725 1327 scilicet
749 1278 818 1326 sui
843 1285 988 1343 atque
1018 1277 1239 1333 Simonis,
1264 1284 1317 1324 ut
1341 1293 1400 1325 ex
1422 1275 1631 1324 miffione
1655 1276 1780 1325 illius
1803 1275 1937 1342 pedis
1961 1275 2088 1324 idem
2111 1277 2207 1341 ipse
2232 1277 2354 1341 prin-

417 1375 529 1424 ceps
552 1358 743 1407 sentiret
766 1359 813 1407 se
837 1357 991 1423 magis
1016 1358 1207 1405 exosum
1233 1356 1420 1423 Anglis,
1444 1363 1634 1423 propter
1657 1355 1830 1422 pedem
1859 1355 2078 1404 Simonis.

483 1437 741 1486 De'manu
777 1434 969 1503 quoque
1000 1436 1219 1492 Simonis,
1253 1436 1387 1500 cujus
1421 1436 1630 1501 superius
1661 1435 1937 1484 memoriam
1972 1436 2081 1492 feci,
2112 1443 2267 1484 utrum
2301 1434 2355 1483 fit

415 1517 643 1566 veraciter
667 1517 747 1564 illa
769 1533 939 1564 manus
964 1532 1024 1563 an
1050 1516 1199 1564 altera
1221 1532 1390 1563 manus
1408 1515 1510 1580 ejus
1529 1514 1588 1563 de
1614 1531 1710 1580 qua
1732 1514 1911 1563 nullam
1932 1515 2222 1563 mentionem
2246 1514 2354 1570 feci,

414 1596 592 1651 nesci03
628 1602 984 1661 verumptamen
1007 1595 1241 1643 referente
1275 1593 1389 1642 mihi
1424 1594 1521 1642 viro
1556 1594 1822 1643 venerande
1850 1593 2126 1650 sanctitatis,
2163 1593 2354 1642 domino

418 1674 608 1724 Thoma
637 1674 696 1723 de
727 1673 998 1740 Stangrife,i
1030 1673 1370 1722 monachorum
1396 1672 1758 1721 Rievallenfium
1790 1672 1980 1729 abbate,
2013 1673 2193 1738 accepi,
2225 1673 2354 1739 quod

414 1770 509 1803 una
544 1771 712 1803 manus
741 1750 947 1803 Simonis
979 1753 1106 1818 apud
1136 1753 1409 1801 Eusamiam
1442 1753 1698 1801 collocatur
1732 1753 1779 1801 in
1813 1753 1919 1801 loco
1954 1769 2129 1818 magne
2159 1769 2352 1801 venera-

412 1834 566 1882 tionis.
641 1834 749 1890 Que
780 1850 876 1881 non
909 1833 976 1881 est
1010 1832 1177 1881 relicta
1202 1850 1231 1880 a
1257 1832 1381 1888 Deo,
1410 1839 1458 1879 ut
1489 1832 1566 1897 pie
1596 1832 1882 1880 credendum
1907 1832 1989 1888 est,
2014 1831 2109 1880 fine
2139 1832 2351 1881 miraculi

413 1912 725 1968 exhibitione;
757 1929 852 1960 non
874 1911 1002 1960 'enim
1025 1911 1088 1960 fic
1105 1911 1330 1977 justificat
1351 1911 1486 1959 Deus
1504 1928 1648 1959 unam
1671 1919 1853 1976 partem
1876 1911 2078 1960 hominis
2100 1928 2183 1977 per
2202 1911 2351 1960 osten-

410 1991 587 2040 fionem
620 1992 898 2040 miraculose
922 1991 1253 2046 venerationis,
1278 1998 1331 2038 ut
1355 1990 1650 2055 derelinquat
1683 1990 1879 2039 alteram
1913 1997 2096 2056 partem
2125 1991 2226 2056 ejus
2252 1990 2351 2039 abs-

410 2087 505 2136 que
536 2070 780 2119 miraculo.
853 2070 918 2119 Et
950 2070 1057 2119 ideo
1082 2070 1273 2118 omnino
1298 2069 1587 2118 credendum
1612 2069 1693 2125 est,
1719 2077 1771 2117 ut
1797 2086 1916 2126 reor,
1942 2069 2071 2136 quod
2094 2086 2178 2135 pro
2203 2071 2350 2118 altera

409 2166 554 2199 manu
578 2157 625 2199 et
649 2167 734 2215 pro
754 2150 903 2198 altero
921 2150 1045 2215 pede
1070 2150 1290 2205 Simonis,
1310 2148 1371 2197 de
1396 2148 1567 2214 quibus
1585 2148 1763 2197 nullam
1787 2150 1925 2214 supra
1946 2149 2040 2198 feci
2064 2149 2351 2197 mentionem

409 2229 570 2295 quoad
603 2229 816 2278 miraculi
851 2229 1206 2284 exhibitionem,
1232 2228 1533 2294 omnipotens
1560 2228 1699 2276 Deus
1731 2228 1826 2276 duo
1856 2228 2085 2277 miracula
2108 2228 2181 2276 vel
2207 2228 2349 2277 etiam

410 2309 560 2373 plura,
584 2316 724 2374 prout
749 2309 851 2374 ejus
875 2308 1105 2356 divinitati
1130 2308 1390 2373 placuerat,
1415 2307 1599 2373 operari
1624 2307 1846 2373 dignatus
1869 2307 1952 2357 est.

482 2387 646 2435 Simon
680 2388 823 2452 igitur
855 2388 968 2452 quia
1000 2387 1203 2435 creditur
1237 2386 1460 2452 placuiffe
1495 2387 1673 2435 summe
1705 2386 1951 2443 divinitati,
1983 2387 2114 2436 reete
2138 2403 2349 2452 compar-

412 2465 563 2514 andus
594 2466 663 2513 est
692 2465 889 2530 principi
925 2465 1242 2530 apostolorum
1271 2466 1454 2514 Simoni
1481 2466 1638 2514 Petro.
1711 2465 1852 2514 Unde
1881 2465 2073 2514 obsecro
2103 2465 2348 2521 lectorem,

410 2553 463 2594 ut
485 2544 520 2593 fi
543 2545 591 2593 in
615 2545 969 2610 comparatione
993 2561 1089 2609 qua
1113 2560 1335 2609 comparo
1360 2544 1602 2593 Simonem
1626 2544 1822 2600 Simoni,
1848 2544 2024 2609 aliquid
2048 2545 2202 2592 minus
2226 2544 2348 2592 bene

410 2623 611 2690 pofitum
634 2624 879 2679 invenerit,
900 2623 1104 2689 corrigat
1128 2623 1257 2688 quod
1276 2622 1464 2672 devium
1489 2623 1571 2679 est,
1589 2622 1860 2688 tribuatque
1877 2623 2064 2672 veniam
2088 2623 2348 2689 defipienti,

410 2720 506 2752 non
538 2703 664 2752 enim
698 2702 760 2751 fic
792 2719 1015 2768 comparo
1047 2703 1317 2750 inferiorem
1347 2701 1590 2751 Simonem
1623 2703 1789 2768 majori
1819 2702 1999 2751 Simoni
2031 2710 2082 2751 ut
2113 2703 2346 2768 preferam

410 2783 541 2832 illum
564 2782 640 2831 vel
664 2782 871 2847 aliquem
901 2782 1143 2830 Simonem
1167 2781 1228 2830 de
1250 2781 1428 2830 mundo
1452 2782 1649 2847 principi
1674 2782 2010 2847 apostolorum;
2045 2782 2125 2831 sed
2149 2782 2260 2831 dum
2285 2782 2347 2831 ad

409 2862 686 2911 memoriam
721 2861 897 2910 reduco
929 2861 1059 2927 quod
1089 2861 1252 2910 Simon
1287 2861 1479 2910 inferior
1502 2868 1603 2910 erat
1634 2860 1833 2910 fideliter
1864 2860 1924 2909 de
1947 2861 2040 2910 fide
2075 2861 2346 2928 apostolica,

411 2936 750 2990 exhibitionem
773 2941 912 2989 unius
927 2939 1148 2989 'miraculi
1180 2940 1401 2990 divinitus
1424 2943 1615 3006 propter
1645 2940 1794 3006 ipsum
1825 2940 2005 2990 factam
2029 2956 2250 3006 comparo
2277 2941 2346 2989 ni-

418 3114 420 3116 ’
470 3108 487 3128 ¹¹
508 3107 676 3149 Lewelin,
696 3119 761 3143 son
778 3106 820 3142 of
830 3106 964 3149 Griffin,
981 3107 1106 3142 Prince
1119 3106 1162 3142 of
1171 3106 1303 3148 Wales‚
1324 3106 1471 3142 married
1491 3106 1636 3142 Alianor
1651 3106 1695 3142 de
1716 3106 1898 3148 Montsort,
1918 3106 2086 3153 daughtet
2103 3106 2146 3142 of
2159 3107 2279 3143 Simon
2296 3107 2341 3142 de

409 3163 593 3199 Montfort.
637 3165 734 3198 Foed.
752 3163 778 3198 i.
795 3166 877 3198 549.
1024 3162 1035 3183 ¹
1056 3163 1116 3198 No
1132 3163 1239 3198 abbot
1252 3161 1294 3197 of
1303 3161 1366 3197 the
1382 3173 1485 3197 name
1501 3162 1544 3197 of
1557 3162 1726 3208 Stangrife
1740 3163 1770 3198 is
1786 3161 1896 3198 found
1911 3163 1947 3197 in
1960 3162 2022 3198 the
2037 3162 2096 3198 list
2111 3163 2148 3198 in
2160 3163 2344 3209 Dugdale5

403 3219 468 3254 but
482 3218 511 3254 it
526 3230 674 3265 appears
690 3218 769 3253 that
788 3218 946 3253 Thomas
964 3217 1150 3264 (probably
1165 3217 1227 3252 the
1243 3217 1436 3252 individual
1452 3217 1488 3252 in
1505 3218 1685 3264 question)
1703 3216 1883 3264 professed
1904 3217 2095 3255 obedience
2120 3229 2159 3254 as
2180 3219 2287 3254 abbot
2304 3217 2348 3253 of

406 3273 553 3316 nimau,
573 3277 598 3310 4
612 3286 697 3310 non.
718 3274 802 3310 Feb.
825 3276 927 3309 1286.
956 3274 961 3277 ’
979 3273 1134 3309 Monast.
1157 3273 1286 3320 Anglie,
1307 3284 1340 3308 v.
1359 3273 1441 3311 277.
