2852 3874
360 465 492 515 ΑΛ).
524 465 665 516 1164.
832 466 1250 517 cHRoNch
1294 443 1409 517 DE
1446 468 1826 519 MAILRos.
2226 477 2288 528 79

425 606 558 655 Obiit
586 606 912 656 OEtouianus‘*
946 607 1186 674 antipapa,
1222 616 1271 658 et
1298 607 1444 658 Wido
1472 608 1753 666 Cremenfis,
1782 610 2012 660 secundus
2047 611 2286 677 antipapa,

356 686 416 735 ab
440 687 658 752 predifflm
681 687 964 752 imperatore
987 688 1246 737 scismatico
1270 688 1482 738 elevatus
1506 689 1588 738 est.

422 766 487 814 Et
524 767 830 816 Sumerledus
860 767 1053 833 regulus
1085 766 1378 833 Eregeithel,
1403 768 1506 834 jam
1541 785 1624 834 per
1660 786 1808 818 annos
1843 770 1983 835 xijdm.
2021 778 2184 819 contra
2218 788 2287 819 re-

354 861 467 911 gem
504 846 753 895 Scotorum
786 846 1097 895 Malcolmum
1129 847 1372 895 dominum
1403 848 1536 895 suum
1566 849 1829 898 naturalem
1864 850 2007 915 impie
2039 850 2286 907 rebellans,

355 942 465 974 cum
488 926 729 991 copiosum
764 925 824 973 de
852 925 1064 973 Ybernia
1102 924 1151 973 et'
1173 925 1364 974 diuerfis
1398 926 1514 975 locis
1549 927 1806 976 exercitum
1844 930 2124 978 contrahens
2159 930 2286 995 apud

358 1004 555 1053 Renfriu
580 1003 888 1070 applicuisset,
905 1004 1100 1052 tandem
1123 1005 1302 1052 ultione
1321 1004 1498 1060 diuina,
1517 1022 1625 1053 cum
1642 1006 1737 1053 filio
1753 1007 1865 1055 suod
1887 1015 1935 1055 et
1959 1008 2285 1057 innumerabili

354 1085 531 1149 populo
555 1101 585 1132 a
607 1084 772 1149 paucis
796 1082 1267 1148 comprovincialibus
1291 1083 1467 1131 ibidem
1491 1084 1670 1132 occisus
1694 1085 1774 1133 est.
2053 1142 2056 1146 ⁴

422 1162 715 1211 Herebertus
739 1163 985 1228 episcopus
1012 1162 1306 1211 Glascuenfis
1330 1162 1461 1219 obiit,
1492 1163 1567 1211 cui
1591 1163 1798 1212 succeffit
1824 1164 2139 1230 Engelramus
2163 1168 2287 1231 regis

354 1242 678 1298 cancellarius,
703 1243 1002 1290 consecratus
1026 1260 1054 1290 a
1077 1259 1204 1307 papa
1230 1241 1504 1291 Alexandro
1534 1243 1660 1307 apud
1689 1243 2008 1292 Senonensem
2033 1245 2286 1301 civitatem,

354 1322 430 1370 die
467 1322 782 1387 apostolorum
814 1322 1021 1370 Simonis
1056 1330 1104 1369 et
1151 1322 1276 1370 Jude
1321 1322 1454 1387 [Oct.
1499 1323 1605 1388 28],
1638 1323 1748 1371 licet
1782 1324 1939 1372 nuncii
1979 1324 2288 1373 Eboracenfis

355 1401 691 1467 archiepiscopi
727 1402 979 1467 plurimum
1003 1401 1288 1450 restiterint.³

422 1481 636 1530 Thomas
650 1481 982 1529 Cantuarenfis
1008 1481 1382 1546 archiepiscopus
1401 1481 1695 1537 venerabilis,
1721 1482 1782 1530 ob
1802 1482 2137 1531 intollerabiles
2161 1485 2288 1531 sanc-

354 1569 402 1608 te
427 1560 705 1610 ecclefie...s
725 1578 754 1608 a
777 1577 891 1625 rege
919 1560 1094 1626 Anglie
1120 1561 1273 1609 illatas
1297 1561 1504 1625 injurias,
1530 1561 1707 1608 receflit
1732 1561 1793 1608 ab
1820 1561 2011 1626 Anglia.

423 1640 818 1705 Archiepiscopus
845 1639 1155 1688 Eboracenfis
1180 1640 1305 1687 venit
1322 1639 1569 1687 Norhamg
1592 1647 1643 1687 ut
1657 1640 1897 1705 legatione
1914 1641 2191 1706 fungeretur
2207 1659 2288 1706 per

360 1720 587 1774 Scotiam‚
612 1720 693 1767 sed
717 1720 875 1767 nuncii
910 1720 1035 1784 regis
1065 1720 1315 1767 Scotorum
1339 1719 1605 1767 restiterunt
1630 1720 1673 1767 ei
1699 1727 1746 1767 et
1774 1719 2153 1768 contradixerunt
2188 1722 2289 1785 ejus

353 1799 599 1863 legationi,
628 1806 675 1846 et
699 1798 809 1846 inde
833 1798 971 1846 rediit
998 1799 1233 1847 confusus.

422 1878 564 1925 Anno
606 1878 801 1926 M.c.lxv.
842 1877 1072 1925 Ricardus
1113 1877 1385 1942 capellanus
1421 1878 1545 1942 regis
1587 1877 1832 1926 Malcolmi
1880 1880 2175 1926 consecratus
2223 1879 2288 1926 est

354 1957 481 2021 apud
504 1957 719 2005 sanctum
741 1957 984 2005 Andream
1008 1958 1055 2005 in
1081 1957 1242 2005 Scotia
1267 1956 1416 2007 ab...¹¹
1431 1957 1658 2021 episcopis
1675 1957 1882 2021 ejusdem
1900 1965 2037 2012 terre,
2053 1958 2224 2005 scilicet
2243 1959 2289 2005 in

353 2036 591 2085 dominica
610 2037 686 2085 die
711 2037 852 2085 ramis
876 2037 1155 2102 palmarum,
1181 2053 1275 2100 que
1299 2044 1411 2084 tunc
1436 2036 1592 2084 evenit
1616 2053 1658 2083 v.
1685 2036 1913 2084 kalendas
1941 2036 2114 2101 Aprilis
2142 2036 2287 2101 [Mar.

353 2116 459 2181 2s].

422 2195 486 2244 Et
513 2196 748 2244 Henricus
773 2213 853 2244 rex
881 2196 1058 2261 Anglie
1082 2195 1411 2251 transfretavit,
1445 2203 1492 2242 et
1517 2194 1763 2259 postquam
1795 2195 1931 2242 rediit
1956 2212 2063 2242 cum
2087 2195 2291 2243 exercitu

353 2292 530 2340 magno
563 2276 767 2341 perrexit
802 2276 849 2323 in
888 2275 1121 2331 Guallias,
1157 2275 1317 2339 ibique
1354 2275 1510 2339 plures
1542 2275 1714 2322 occidit
1749 2282 1796 2322 et
1824 2274 2051 2338 justitiam
2086 2275 2199 2322 fecit
2234 2274 2291 2322 de

355 2354 541 2403 duobus
564 2355 668 2403 filiis
693 2356 818 2421 regis
845 2355 944 2411 Ris,
970 2363 1017 2403 et
1042 2355 1101 2403 de
1125 2355 1229 2403 filiis
1254 2372 1310 2402 ac
1333 2354 1518 2402 filiabus
1542 2354 1770 2401 nobilium
1794 2354 1910 2418 ejus,
1936 2354 2108 2401 scilicet
2131 2354 2291 2400 oculos

354 2450 605 2498 puerorum
630 2435 748 2482 eruit
773 2443 820 2483 et
843 2452 980 2483 nares
1006 2436 1233 2499 auresque
1258 2434 1519 2498 puellarum
1544 2433 1752 2482 abscidit.

422 2512 532 2560 Due
558 2522 742 2562 comete
769 2522 1089 2579 apparuerunt
1113 2522 1223 2562 ante
1248 2514 1354 2562 solis
1378 2521 1532 2561 ortum
1555 2514 1712 2560 mense
1740 2511 1959 2576 Augusti,
1986 2527 2079 2558 una
2104 2511 2164 2558 ad
2190 2512 2289 2558 aus-

354 2600 493 2647 trum,
537 2593 685 2640 altera
721 2594 782 2641 ad
814 2594 1100 2658 aquilonem.
1175 2593 1379 2641 Cometa
1411 2593 1478 2640 est
1506 2592 1638 2640 stella
1662 2608 1755 2656 que
1787 2607 1882 2638 non
1917 2590 2043 2638 omni
2079 2598 2288 2654 tempore

355 2671 434 2719 sed
458 2672 662 2719 maxime
687 2673 733 2719 in
758 2672 890 2719 obitu
915 2673 1040 2737 regis
1065 2680 1147 2719 aut
1171 2673 1217 2719 in
1242 2673 1425 2720 excidio
1463 2679 1659 2736 apparet
1683 2670 1901 2735 regionis.
1978 2669 2100 2716 Cum
2126 2669 2288 2716 crinito

355 2752 625 2800 diademate
651 2752 919 2816 apparuerit
954 2752 1142 2817 fulgens
1167 2751 1327 2816 regale
1362 2751 1554 2798 nunciat
1583 2750 1746 2804 letum,
1782 2749 1861 2796 sed
1885 2748 1917 2795 fi
1943 2756 2100 2795 autem
2134 2748 2288 2795 ferens

355 2848 515 2880 comas
539 2831 841 2895 rutulansque
866 2830 1078 2895 sparserit
1102 2829 1222 2885 illas,
1246 2830 1397 2894 patrie
1421 2829 1644 2877 monstrat
1669 2828 1917 2876 excidium.

403 2970 416 2986 ⁰
438 2971 558 3006 Victor
577 2971 639 3005 IV.
659 2970 739 3005 died
763 2970 834 3004 22d
851 2969 953 3015 April
973 2971 1074 3009 1164,
1103 2969 1173 3004 and
1189 2980 1260 3003 was
1278 2968 1472 3003 succeeded
1488 2969 1534 3013 by
1550 2978 1618 3001 one
1636 2967 1717 3001 who
1742 2965 1854 3011 styled
1878 2964 2021 2999 himself
2041 2963 2191 2999 Calistus
2219 2963 2287 2998 111.

354 3027 371 3047 ‘¹
387 3027 526 3062 Fordun
543 3027 628 3061 adds
642 3026 719 3061 that
736 3025 790 3060 his
808 3037 873 3060 son
890 3036 962 3059 was
980 3023 1091 3059 called
1107 3024 1303 3064 Gillicolan‚
1323 3023 1345 3058 i.
1365 3025 1446 3058 452.
1465 3061 1468 3064 ,
1501 3022 1580 3057 The
1597 3022 1711 3056 words
1732 3026 1755 3041 “
1769 3032 1848 3056 cum
1861 3020 1931 3055 filio
1949 3021 2034 3054 suo’'
2045 3031 2103 3054 are
2116 3019 2230 3054 added
2244 3020 2291 3064 by

353 3082 416 3117 the
435 3082 591 3118 Scottish
609 3082 744 3128 copyist
761 3087 799 3115 to
823 3081 885 3115 the
903 3086 1053 3115 account
1070 3079 1112 3114 os
1125 3079 1295 3120 Hoveden,
1315 3078 1375 3113 fol.
1395 3081 1475 3118 283,
1495 3077 1583 3112 from
1600 3077 1716 3111 which
1732 3076 1794 3111 the
1810 3076 2003 3111 remainder
2019 3075 2048 3109 is
2064 3074 2287 3109 transcribed.

355 3137 370 3152 ⁸
391 3137 459 3173 See
471 3139 622 3179 For-dun,
637 3137 660 3172 i.
673 3139 738 3171 461
752 3151 761 3176 ;
782 3137 909 3170 Hoved.
925 3136 984 3170 sol.
1000 3138 1081 3170 293.
1228 3133 1241 3154 ¹
1259 3134 1320 3168 An
1337 3145 1475 3168 erasure
1492 3134 1528 3167 in
1543 3133 1605 3167 the
1619 3132 1698 3167 MS.
1745 3132 1811 3166 See
1827 3131 1890 3165 the
1902 3137 2089 3166 statement
2106 3130 2141 3164 in
2160 3130 2288 3164 Haud.

354 3192 414 3228 fol.
429 3195 511 3228 282.
634 3192 650 3213 Β
672 3193 739 3228 See
756 3203 801 3227 an
818 3198 951 3226 extract
966 3190 1055 3226 from
1071 3190 1133 3225 the
1152 3189 1328 3236 Excerpta
1343 3201 1366 3224 a
1384 3188 1467 3224 Chr.
1490 3189 1585 3224 Scot.
1603 3188 1640 3222 in
1658 3188 1788 3227 Hailes,
1808 3187 1831 3221 i.
1853 3189 1931 3221 108.
2041 3185 2058 3206 ¹¹
2077 3185 2138 3219 An
2154 3195 2292 3220 erasure

354 3248 390 3282 in
406 3247 468 3284 the
488 3247 568 3284 MS.
