2852 3874
534 494 598 538 44
999 484 1421 537 CHRONICA
1465 483 1567 532 DE
1611 480 1999 551 MAILRosf.
2137 485 2270 535 A.D.
2312 488 2453 540 1017.

538 622 794 673 Edwardus
830 637 938 669 vero
969 619 1212 685 Agatham
1242 618 1385 666 filiam
1413 616 1626 682 germani
1663 616 1957 680 imperatoris
1984 614 2186 665 Henrici
2217 618 2266 666 in
2296 619 2455 668 matri-

534 703 742 751 monium
779 698 974 763 accepit,
1011 713 1071 745 ex
1107 713 1203 761 qua
1241 693 1595 760 Margaretamd
1630 693 1792 759 postea
1833 693 2104 742 Scottorum
2140 695 2371 760 reginam,
2407 704 2457 745 et

539 779 816 829 Christinam
838 775 1240 824 sanetimonialem
1262 773 1508 839 virginem,
1533 779 1581 821 et
1605 772 1827 821 clitonem
1848 771 2119 838 AEdgarum
2141 774 2355 838 suscepit.

601 857 784 906 Cnutus
807 871 888 902 rex
911 853 1042 901 duxit
1064 853 1112 901 in
1130 861 1351 901 uxorem⁰
1375 852 1596 900 Emmam
1619 851 1860 917 quondam
1882 852 2111 917 reginam,
2136 868 2195 900 ex
2218 869 2315 917 qua
2334 851 2456 901 Har-

533 937 783 984 decnutum
807 932 969 998 postea
989 932 1235 981 Danorum
1259 939 1306 980 et
1327 931 1591 997 Anglorum
1615 947 1794 996 regem,
1818 938 1866 979 et
1887 930 2178 979 Gunnildam
2200 931 2344 980 filiam
2362 948 2457 996 que

531 1013 681 1079 nupfit
704 1012 866 1078 postea
891 1011 1100 1060 Henrico
1127 1011 1449 1059 Romanorum
1473 1011 1757 1075 imperatori.

599 1093 740 1140 Anno
772 1091 955 1155 M.xviij.
989 1091 1036 1139 in
1070 1091 1315 1139 nativitate
1354 1090 1546 1138 Domini
1587 1089 1731 1154 [Dee.
1765 1089 1850 1154 25]
1890 1106 1970 1138 rex
2007 1089 2192 1139 Cnutus
2227 1090 2456 1155 perfidum

531 1172 699 1220 ducem
719 1170 943 1219 Edricum
967 1170 1166 1218 Streona
1190 1170 1236 1217 in
1260 1169 1437 1235 palatio
1454 1167 1580 1234 juffit
1598 1167 1784 1224 occidi‚s
1803 1169 1882 1233 qui
1906 1168 2105 1217 timebat
2127 1169 2299 1218 infidiis
2318 1169 2378 1217 ab
2397 1186 2455 1218 eo

530 1250 816 1315 quandoque
835 1249 1154 1298 circumveniri
1173 1247 1287 1296 ficut
1305 1248 1481 1313 priores
1500 1247 1675 1295 domini
1693 1248 1777 1303 sui,
1799 1247 2094 1313 Eagelredus
2112 1256 2159 1296 et
2176 1248 2456 1297 Edmundus

529 1331 798 1394 frequenter
830 1329 933 1376 sunt
965 1328 1282 1376 circumventi.
1356 1326 1541 1392 Corpus
1569 1344 1679 1375 vero
1716 1327 1839 1375 illius
1866 1328 2002 1392 super
2038 1344 2223 1375 murum
2255 1328 2455 1376 civitatis

530 1408 693 1473 projici
732 1425 787 1455 ac
824 1407 1103 1472 insepultum
1141 1406 1363 1471 praecepit
1410 1406 1594 1457 dimitti.
1669 1405 1828 1455 Ceteri
1860 1415 2001 1454 vero&
2037 1414 2130 1455 tres
2166 1407 2247 1456 filii
2282 1407 2455 1455 ducum

528 1487 710 1535 nobiles
733 1486 827 1534 fine
851 1486 990 1550 culpa
1012 1486 1115 1533 sunt
1139 1486 1420 1549 interempti.

597 1565 728 1613 Obiit
756 1563 1000 1612 Aldunush
1026 1563 1352 1611 Dunelmenfis
1377 1563 1634 1628 episcopus.

597 1643 787 1707 Ingens*
811 1643 984 1690 bellum
1008 1643 1127 1689 inter
1155 1642 1339 1706 Anglos
1363 1649 1410 1689 et
1440 1642 1630 1689 Scottos
1655 1641 1781 1706 apud
1809 1641 2015 1690 Carham
2040 1644 2231 1707 geritur.

595 1721 739 1786 Angli
764 1728 811 1769 et
837 1721 963 1768 Dani
993 1721 1051 1768 de
1079 1721 1186 1785 lege
1211 1720 1334 1785 regis
1360 1719 1539 1785 Edgari
1567 1720 1773 1768 tenenda
1797 1721 1924 1785 apud
1951 1721 2320 1771 Oxenefordiam
2345 1740 2454 1772 con-

527 1800 689 1847 cordes
713 1801 816 1847 sunt
840 1799 1012 1847 effecti.

596 1878 735 1926 Anno
763 1879 913 1926 M.xix.
934 1895 1015 1926 rex
1034 1879 1298 1943 Anglorum
1323 1886 1370 1925 et
1389 1878 1634 1925 Danorum
1655 1877 1840 1929 Cnutus
1861 1879 2263 1928 Danemarchiam
2289 1882 2452 1929 adiens

527 1957 699 2004 ibidem
724 1973 806 2021 per
828 1964 977 2004 totam
999 1957 1217 2020 hyemem
1241 1956 1420 2003 manfit.

597 2036 737 2082 Anno
775 2052 908 2083 M.xx.
948 2051 1028 2082 rex
1069 2035 1254 2082 Cnutus
1294 2034 1519 2105 Angliam
1557 2034 1740 2083 rediens
1776 2052 2001 2101 magnum
2040 2038 2288 2086 concilium
2327 2039 2452 2103 apud

533 2113 790 2161 Cirecestre
814 2114 859 2160 in
884 2114 1056 2178 pascha
1084 2113 1224 2178 [Apr.
1256 2113 1335 2177 17]
1364 2114 1528 2160 tenuit.

596 2191 902 2239 Edmundusk
925 2192 1120 2256 suscepit
1144 2192 1462 2256 episcopatum
1489 2192 1870 2241 Dunelmensem.

599 2270 730 2317 Obiit
763 2270 993 2335 Liuingus
1024 2270 1396 2319 Dorobernenfis
1420 2271 1810 2336 archiepiscopus,
1836 2273 1910 2320 cui
1933 2273 2231 2338 Agelnothus
2255 2273 2335 2339 qui
2358 2275 2450 2323 Bo-

530 2366 617 2397 nus
641 2349 807 2396 dicitur
831 2349 1051 2397 succeffit.

597 2428 737 2475 Anno
761 2428 912 2492 M.xxj.
946 2428 1152 2493 Algarus
1180 2428 1473 2476 orientalium
1506 2429 1770 2494 Anglorum
1800 2430 2044 2495 episcopus
2073 2431 2204 2487 obiit,
2235 2432 2308 2480 cui
2336 2433 2451 2481 Ald-

528 2507 670 2554 winus
693 2506 913 2554 succeffit.

566 2654 581 2673 ‘¹
604 2653 682 2688 The
698 2654 885 2699 genealogy
901 2653 943 2688 of
958 2654 1140 2699 Margaret,
1173 2666 1220 2700 up
1248 2661 1286 2689 to
1307 2655 1432 2696 Adam,
1463 2657 1602 2702 maybe
1631 2656 1845 2691 seen-inthe
1879 2657 1923 2691 X.
1947 2657 2149 2703 Scriptores,
2170 2658 2248 2693 coll.
2269 2661 2349 2699 349,
2370 2661 2450 2694 350.

529 2708 542 2722 ²
565 2708 684 2742 About
701 2708 761 2743 the
774 2709 842 2743 end
855 2708 897 2743 of
907 2709 999 2754 July‚
1018 2711 1061 2755 cf.
1081 2711 1161 2744 Saae.
1173 2710 1291 2744 chron.
1310 2722 1345 2756 p.
1369 2713 1446 2745 151.
1475 2712 1511 2744 S.
1529 2711 1690 2745 Dunelm.
1710 2711 1775 2746 col.
1799 2712 1876 2749 176.
2022 2711 2035 2731 f
2055 2712 2134 2747 The
2153 2714 2233 2748 δατ.
2245 2714 2364 2749 Chron.
2384 2714 2453 2749 and

529 2764 564 2796 S.
584 2764 743 2797 Dunelm.
770 2763 869 2809 place
893 2764 962 2798 this
987 2771 1092 2798 event
1117 2764 1151 2798 in
1181 2766 1280 2802 1017.
1426 2765 1442 2785 ⁸
1464 2765 1571 2800 Their
1595 2777 1714 2800 names
1744 2766 1813 2800 and
1836 2766 1929 2801 titles
1954 2778 2034 2812 may
2056 2768 2101 2802 be
2125 2779 2209 2802 seen
2237 2768 2273 2802 in
2289 2768 2351 2803 the
2369 2770 2450 2803 Sar.

537 2818 654 2852 Chron.
673 2829 707 2863 p.
731 2820 807 2852 151.
953 2818 969 2838 ¹¹
990 2818 1056 2853 See
1075 2820 1111 2853 S.
1130 2820 1290 2853 Dunelm.
1310 2831 1345 2865 p.
1368 2821 1445 2854 152.
1590 2821 1599 2840 ¹
1622 2826 1645 2840 “
1662 2821 1787 2866 Ingens
1803 2821 1932 2855 bellum
1961 2822 2055 2867 apud
2075 2822 2219 2857 Carrum
2246 2828 2382 2868 gestum
2399 2830 2453 2858 est

529 2873 617 2916 inter
637 2873 775 2908 Scottos
792 2879 828 2907 et
849 2873 991 2918 Anglos‚
1010 2874 1099 2908 inter
1119 2873 1335 2908 Huctredum
1358 2873 1466 2908 filium
1488 2874 1634 2910 Waldes
1648 2876 1813 2910 comitem
1833 2876 2148 2923 Northymbrorum
2170 2883 2207 2912 et
2226 2877 2451 2913 Malcolmum

530 2926 636 2973 filium
657 2928 794 2974 Cyneth
818 2939 930 2973 regem
952 2928 1162 2969 Scottorum,
1194 2940 1273 2963 cum
1298 2941 1369 2975 quo
1393 2929 1458 2964 fuit
1486 2930 1522 2964 in
1538 2930 1630 2974 bello
1650 2931 1826 2977 Eugenius
1856 2931 1975 2966 calvus
2004 2943 2065 2966 rex
2084 2932 2361 2967 Lutinensium.”
2410 2933 2446 2966 S.

532 2982 689 3029 Dunelm.
709 2982 774 3018 col.
797 2983 873 3020 177.
905 2983 971 3017 See
989 2985 1127 3018 Fordun
1144 2984 1166 3018 i.
1186 2986 1267 3018 229.
1321 2984 1353 3018 It
1381 2985 1409 3019 is
1438 2986 1603 3031 probable
1631 2978 1799 3021 that'the
1816 2998 1921 3021 scene
1949 2986 1992 3021 of
2013 2987 2129 3022 action
2145 2997 2217 3021 was
2237 2986 2392 3027 Canum,
2412 2998 2452 3021 or

535 3035 692 3076 eatbam,
712 3037 860 3072 situated
877 3050 971 3083 upon
998 3038 1059 3073 the
1079 3039 1222 3080 Tweed,
1249 3039 1411 3086 formerly
1427 3040 1488 3075 the
1516 3048 1682 3087 property
1698 3041 1740 3076 of
1754 3041 1890 3077 Walter
1907 3042 2034 3087 Espec,
2062 3041 2139 3076 lord
2164 3040 2340 3082 of.·Wark,
2368 3041 2451 3075 who

532 3089 778 3134 distinguished
794 3091 976 3127 himselfat
992 3093 1052 3128 the
1068 3094 1177 3128 battle
1194 3094 1236 3129 of
1246 3094 1307 3129 the
1328 3095 1510 3136 Standard,
1542 3096 1674 3142 and‘by
1690 3096 1761 3131 him
1778 3108 1850 3131 was
1866 3095 2011 3142 granted
2034 3102 2073 3130 to
2089 3095 2142 3130 his
2159 3095 2275 3141 priory
2291 3095 2333 3130 of
2346 3095 2449 3130 Kirk-

533 3156 598 3191 ”2¹¹¹-
629 3145 694 3180 See
711 3147 893 3192 Dugdale's
910 3148 1061 3183 Manat.
1082 3150 1211 3195 Anglic.
1230 3150 1264 3184 ii.
1287 3152 1364 3191 105,
1384 3150 1439 3185 ed.
1462 3153 1563 3186 1661.
1708 3151 1722 3171 ¹¹
1744 3151 1811 3186 See
1829 3153 1865 3186 S.
1885 3151 2043 3186 Dunelm.
2062 3161 2097 3196 p.
2120 3152 2198 3191 154,
