2852 3874
546 519 601 563 18
999 509 1417 562 cHRoNch
1459 507 1562 558 DE
1606 468 1984 557 MAILRos.
2179 507 2311 558 ΑΒ.
2337 513 2450 558 854.

605 647 901 698 Burchredus
925 646 1107 710 accepit
1130 645 1273 692 filiam
1299 642 1533 691 A’6elwlfi.

608 728 788 775 VVlfere
812 725 967 773 factus
990 722 1057 771 est
1080 721 1454 786 archiepiscopus
1478 718 1861 767 Eboracenfium.

605 806 745 854 Anno
770 801 965 851 ncccdv,
991 817 1070 848 rex
1091 799 1338 847 Assewlfus
1361 798 1546 847 decima
1563 805 1696 863 parte
1715 797 1848 863 regni
1871 797 1939 845 sui
1966 795 2060 846 Dei
2084 796 2302 847 aecclefiis
2325 798 2453 855 data,

541 884 738 931 Romam
762 879 1017 945 profectus,
1043 878 1106 926 ibi
1131 894 1254 925 anno
1278 894 1373 926 uno
1390 884 1599 926 moratus
1623 877 1706 932 est,
1729 884 1778 925 et
1800 876 1921 925 filius
1940 876 2042 941 ejus
2063 875 2330 926 Alueredus
2347 894 2456 926 cum

538 978 610 1009 eo.
684 958 822 1006 Unde
847 957 1030 1005 rediens
1053 956 1196 1004 filiam
1229 956 1390 1004 Karoli
1429 955 1565 1004 Calvi
1600 956 1725 1021 regis
1762 955 2052 1005 Francorum
2087 954 2354 1005 Juditham·
2379 973 2456 1005 ac·

536 1039 657 1104 cepit
682 1038 728 1085 in
753 1053 959 1084 uxorem.

601 1117 742 1165 Anno
768 1115 980 1179 Dccc.lvj.

602 1195 743 1243 Anno
768 1194 997 1257 nccc.lvij.

602 1274 744 1322 Anno
782 1272 1027 1337 Dccc.lviij.
1059 1272 1283 1320 defuncto
1318 1288 1431 1337 rege
1474 1271 1834 1320 Westsaxonum
1874 1271 2126 1327 Athewlfo,
2159 1271 2455 1321 Adelboldus

534 1354 653 1401 filius
678 1353 778 1417 ejus
801 1368 997 1416 regnum
1031 1351 1296 1415 suscipiens,
1321 1366 1517 1399 uxorem
1540 1351 1685 1416 patris
1708 1351 1793 1406 sui,
1822 1350 1987 1399 infami
2021 1351 2210 1407 scelere,
2247 1351 2379 1400 duxit
2403 1352 2450 1399 in

535 1433 810 1497 conjugemt
832 1430 860 1478 J
864 1430 1074 1478 uditham
1102 1429 1261 1477 Caroli
1285 1429 1444 1477 filiam.

602 1510 743 1558 Anno
764 1510 977 1558 nccc.lix.
997 1508 1184 1557 sanctus
1205 1507 1518 1557 Aedmundus
1533 1508 1830 1556 orientalium
1851 1507 2117 1573 Anglorum
2135 1509 2333 1574 suscepit
2351 1526 2455 1574 reg·

534 1606 662 1637 num.

601 1667 756 1732 [Obiit
783 1667 994 1716 Kinedus
1017 1683 1096 1715 rex
1125 1666 1413 1723 Scotorum,¹¹
1436 1666 1512 1714 cui
1535 1665 1743 1714 succeffit
1769 1665 2119 1730 Dovenaldus.]

598 1746 740 1794 Anno
766 1746 963 1794 Dccc.lx.
989 1762 1068 1793 rex
1090 1745 1386 1794 Avelbaldus
1410 1744 1542 1801 obiit,
1568 1745 1643 1793 cui
1659 1744 1866 1793 succeflit
1883 1744 2190 1800 Aoelbertus,
2205 1745 2286 1810 qui
2303 1745 2445 1793 etiam

532 1824 633 1889 post
656 1831 854 1873 mortem
875 1824 1118 1873 Adelstani
1142 1824 1295 1888 patrui
1319 1824 1386 1871 sui
1410 1840 1607 1888 regnum
1632 1831 1880 1888 acceperat
1908 1823 2092 1871 Cantiae
2126 1831 2174 1872 et
2203 1823 2384 1873 Sudriae
2408 1833 2455 1872 et

539 1903 856 1951 Subsaxoniae.

600 1982 743 2029 Anno
769 1981 983 2045 Dccc.lxj.

602 2059 743 2107 Anno
768 2060 1000 2123 Dccc.lxij,

604 2138 747 2186 Anno
772 2137 1021 2202 Dccc.lxiij.
1053 2137 1242 2186 sanctus
1271 2137 1529 2186 Suithunus
1557 2137 1891 2187 Wintonienfis
1925 2139 2169 2204 episcopus
2198 2139 2343 2188 coelos
2374 2156 2454 2204 pe·

535 2216 646 2264 tiit.u

606 2295 764 2359 [Obiit
790 2295 1096 2344 Dovenaldus
1119 2311 1200 2343 rex
1229 2295 1516 2360 Scotorum]

607 2374 748 2421 Anno
784 2374 1048 2438 Dccc.lxiiij.
1080 2373 1367 2422 E’6elbertus
1398 2391 1478 2422 rex
1507 2374 1843 2423 Westsaxoniae
1871 2382 1919 2423 et
1957 2374 2142 2423 Cantiae
2178 2375 2341 2431 obiit,W
2377 2378 2451 2424 cui

536 2452 742 2501 succeffit
766 2452 1033 2501 Ebelredus
1050 2454 1193 2500 frater
1217 2453 1333 2517 ejus.

603 2531 744 2579 Anno
770 2532 997 2579 Dccc.lxv.
1023 2548 1317 2597 pagano-rum
1346 2533 1577 2580 exercitus
1602 2549 1696 2597 quo
1721 2532 1866 2581 duces
1889 2540 2022 2581 erant
2048 2531 2221 2581 Iwarus
2246 2541 2292 2582 et
2318 2531 2454 2581 Hub-

535 2611 596 2658 ba
619 2611 745 2658 venit
769 2611 815 2657 in
842 2609 1083 2676 Angliam,
1109 2618 1156 2659 et
1179 2610 1602 2675 perendinaverunt
1625 2611 1673 2659 in
1699 2611 1958 2676 Estanglia.

603 2688 745 2737 Anno
778 2689 1023 2753 nccc.lxvj.
1066 2689 1296 2737 exercitus
1323 2706 1618 2755 paganorum
1654 2707 1796 2755 quem
1828 2689 2001 2738 Iwarus
2029 2698 2077 2738 et
2111 2689 2291 2739 Hubba
2322 2707 2452 2740 rexe-

534 2775 655 2822 runt,
680 2769 806 2815 venit
831 2767 1115 2815 Eboracum.

598 2846 885 2895 Norhumbri
922 2855 1080 2894 autem
1115 2864 1276 2912 regem
1299 2848 1431 2895 suum
1459 2847 1654 2896 Osbrich
1686 2848 1973 2913 abjecerant,
2006 2857 2053 2897 et
2078 2848 2221 2897 alium
2246 2848 2450 2914 degene-

534 2941 631 2973 rem
655 2933 933 2989 acceperant
957 2925 1037 2990 qui
1062 2925 1318 2974 vocabatur
1339 2926 1485 2974 AElla.

582 3066 593 3082 ⁸
613 3066 691 3101 The
709 3069 787 3102 Sax.
815 3070 932 3103 Chron.
952 3069 1033 3103 calls
1051 3069 1113 3103 her
1132 3069 1318 3110 Leothite;
1348 3071 1411 3105 but
1435 3069 1499 3105 she
1525 3082 1595 3105 was
1620 3070 1655 3118 in
1681 3070 1802 3116 reality
1818 3070 1954 3111 Judith,
1986 3070 2156 3115 daughter
2172 3068 2215 3104 of
2240 3068 2384 3104 Chai-les
2412 3068 2447 3103 le

535 3120 690 3155 Chauve.
743 3123 807 3156 See
823 3122 964 3163 further,
985 3124 1094 3158 under
1110 3124 1171 3159 the
1188 3137 1270 3170 year
1286 3128 1368 3160 858.
1512 3124 1524 3145 ²
1547 3125 1626 3160 The
1643 3126 1808 3171 marriage
1825 3137 1897 3161 was
1914 3131 1978 3160 not
2002 3123 2276 3164 consummated‚
2304 3123 2339 3158 in
2365 3134 2450 3158 con-

532 3186 704 3221 sequence
721 3175 762 3209 of
779 3176 839 3210 the
855 3178 965 3222 youth
983 3177 1024 3211 of
1046 3178 1230 3214 Adelbold.
1281 3179 1404 3215 Judith
1421 3179 1568 3215 married
1582 3179 1636 3214 for
1660 3179 1723 3214 her
1746 3180 1840 3215 third
1863 3179 2035 3220 husband,
2070 3178 2227 3214 Baldwin
2254 3178 2318 3214 the
2348 3178 2450 3217 First,

533 3229 614 3263 Earl
630 3229 672 3263 of
684 3229 857 3264 Flanders.
915 3232 1087 3272 Chantreu,
1106 3232 1129 3267 i.
1148 3234 1259 3280 cxxvj.
1404 3233 1422 3250 '³
1443 3234 1485 3269 In
1501 3237 1582 3276 861,
1602 3234 1785 3280 according
1800 3241 1838 3270 to
1850 3234 1912 3271 the
1930 3235 2011 3270 Saae.
2024 3234 2142 3270 Chron.
2327 3232 2349 3247 '
2370 3232 2450 3268 The

531 3285 611 3321 δαι-
639 3285 755 3320 Chron.
775 3285 889 3331 places
906 3285 974 3321 this
991 3286 1026 3321 in
1042 3289 1123 3322 866.
