2852 3874
163 1350 224 1385 fol.
244 1353 300 1385 26.
320 1352 352 1385 b.

407 496 555 548 A.D.
587 500 728 546 1203.
903 492 1330 545 CHRONICA
1373 493 1474 543 DE
1524 492 1908 543 MAILROS.
1963 498 1965 501 '
2265 499 2356 544 105

567 644 589 674 ι)

471 714 613 763 Anno
637 713 836 780 u.cc.iij.
861 713 978 762 obiit
999 712 1125 762 bone
1147 712 1484 762 recordationis
1503 711 1532 762 J
1535 712 1761 769 ohannes,
1789 712 2134 763 Dunkeldenfis
2157 715 2332 780 episco-

401 810 504 858 puS,
521 794 597 842 cui
611 792 819 843 succeffit
836 791 1067 842 Ricardus
1082 791 1142 842 de
1159 791 1448 848 Prebenda,‘¹
1465 791 1675 848 clericus,
1691 799 1739 840 et
1753 799 1985 858 cognatus
2000 792 2175 842 domini
2190 796 2330 861 regis.

471 872 604 923 Obiit
630 872 876 929 Ricardus,
900 872 1146 937 episcopus
1176 871 1236 920 de
1269 870 1507 927 Morauia,
1538 871 1614 920 cui
1637 870 1843 920 succeffit
1875 872 2107 938 dompnus
2133 873 2331 930 Bricius,

400 953 524 1016 prior
546 951 609 1000 de
637 951 954 1017 Lesmahagu.

469 1030 602 1080 Obiit
627 1029 849 1086 Ernifius,
874 1028 1023 1077 abbas
1047 1028 1107 1076 de
1133 1027 1331 1076 Ruford.

468 1109 603 1158 Obiit
621 1108 862 1163 Osbertus,
882 1106 1030 1156 abbas
1049 1106 1108 1155 de
1129 1106 1362 1162 Kelchou‚
1381 1106 1457 1155 cui
1475 1106 1683 1155 succeffit
1703 1106 1963 1157 Gaufridus
1980 1110 2104 1173 prior
2123 1111 2329 1175 ejusdem

398 1189 505 1237 loci.

467 1266 601 1316 Obiit
628 1265 896 1315 Willelmus
920 1264 1069 1313 abbas
1096 1263 1338 1313 Rieuallis.

465 1345 696 1412 Magister
723 1344 990 1394 Willelmus
1016 1343 1246 1393 Blesenfis
1268 1343 1427 1392 fafitus
1451 1343 1518 1392 est
1542 1344 1787 1410 episcopus
1814 1345 2095 1394 Lincolnie.r

466 1422 626 1474 Rediit
644 1424 674 1473 J
677 1425 887 1474 ohannes
910 1441 992 1472 rex
1015 1424 1063 1473 in
1084 1424 1327 1490 Angliam,
1345 1423 1479 1472 terris
1502 1423 1593 1472 suis
1611 1431 1659 1473 et
1683 1424 1841 1473 castris
1858 1426 2172 1476 transmarinis
2196 1429 2328 1494 igno-

397 1505 591 1554 miniose
614 1505 723 1553 satis
748 1503 930 1552 amiffis.

464 1584 606 1633 Anno
626 1583 841 1648 M.cc.iiij.
867 1583 1100 1648 dompnus
1121 1581 1380 1631 Gaufridus
1399 1582 1844 1632 administrationem
1866 1583 2092 1635 Rieuallis
2115 1587 2326 1652 suscepit.

465 1663 598 1712 Obiit
625 1663 808 1711 Alanus
831 1662 952 1710 filius
979 1661 1214 1710 Walteri.⁸

463 1742 598 1791 Obiit
621 1742 786 1808 regina
813 1740 1025 1789 Alienor.

463 1820 774 1870 Danecastria
797 1820 844 1868 in
869 1819 1030 1886 vigilia
1053 1819 1224 1884 pasche
1253 1818 1394 1884 [Apr.
1421 1818 1506 1883 24]
1533 1819 1745 1869 funditus
1770 1820 2011 1869 combusta
2035 1822 2117 1870 est.

464 1900 597 1950 Obiit
621 1916 780 1948 comes
806 1899 1119 1947 Duncanus.⁸⁸

463 1979 596 2028 Obiit
623 1978 912 2027 Godefridus
937 1978 995 2025 de
1023 1976 1160 2032 Luci,
1186 1977 1431 2042 episcopus
1459 1976 1720 2025 Wintonie.

463 2059 659 2123 Septem
683 2056 887 2123 episcopi
912 2057 959 2104 in
983 2063 1108 2105 terra
1131 2055 1437 2121 promiflionis
1461 2056 1852 2105 renunciaverunt
1874 2056 1983 2105 fidei
2012 2057 2289 2108 Christiane.

459 2137 759 2186 Baldewinus
783 2153 942 2185 comes
968 2134 1187 2183 Flandrie
1211 2135 1369 2183 factus
1394 2135 1461 2183 est
1484 2135 1736 2200 imperator
1764 2135 2324 2202 Constantinopolitanus.

457 2215 699 2266 Johannes
724 2215 783 2264 de
812 2214 954 2264 Curci
991 2231 1074 2280 per
1110 2214 1327 2263 fraudem
1358 2215 1545 2263 suorum
1577 2213 1637 2262 ab
1671 2213 1881 2280 Hugone
1906 2215 1966 2264 de
1993 2215 2129 2265 Lasci
2161 2225 2325 2282 captus

392 2295 490 2344 est.t

460 2374 594 2422 Obiit
620 2374 787 2423 Petrus
812 2372 960 2422 abbas
984 2373 1043 2421 de
1071 2371 1288 2421 Weburn
1313 2372 1441 2438 apud
1466 2372 1702 2421 Vacellas.

461 2452 769 2502 Obiit-abbas
796 2451 1070 2500 Alexander
1094 2451 1153 2500 de
1183 2451 1417 2500 Sautreia.

460 2532 602 2580 Anno
626 2548 802 2580 M.cc.v.
833 2548 992 2581 comes
1012 2530 1176 2579 Dauid
1198 2531 1312 2579 fecit
1334 2531 1611 2596 homagium
1633 2531 1795 2596 nepoti
1809 2531 1891 2579 suo
1912 2531 2199 2587 Alexandro,
2225 2532 2318 2580 filio

391 2611 515 2676 regis
543 2610 809 2658 Willelmi.u

457 2689 569 2738 Vise
597 2690 701 2737 sunt
725 2689 817 2736 due
850 2688 961 2736 lune
994 2687 1127 2737 fimul
1158 2689 1205 2736 in
1237 2688 1531 2738 firmamento
1555 2688 1763 2753 ejusdem
1795 2689 2085 2753 quantitatis,
2121 2706 2318 2754 quarum

295 2791 301 2796 ·
389 2785 565 2817 cornua
588 2785 647 2817 ex
670 2785 766 2816 una
788 2773 922 2832 parte
946 2767 1233 2816 coherebant
1258 2784 1316 2816 ex
1340 2768 1487 2816 altera
1510 2767 1759 2832 separatim
1777 2767 2088 2824 fluctuabant,
2113 2769 2193 2817 sed
2216 2776 2316 2817 tan-

389 2843 497 2891 dem
521 2840 880 2890 conveniebant.

449 2983 465 3004 ¹²
494 2983 611 3019 There
626 2983 656 3018 is
672 2983 811 3018 written
827 2994 875 3018 on
890 2981 953 3018 the
969 2983 1100 3028 margin
1116 2981 1158 3018 of
1167 2982 1230 3017 the
1247 2982 1390 3028 original
1409 2981 1502 3024 MS„
1529 2982 1566 3017 in
1581 2981 1643 3017 red
1658 2982 1730 3023 ink,
1760 2987 1784 3002 ‘⁴
1799 2982 1999 3018 Florencius
2016 2983 2148 3019 electus
2169 2984 2316 3031 Glasgu-

384 3039 512 3076 ensis.”
557 3038 637 3074 The
648 3038 754 3074 blank
766 3049 871 3085 space
884 3037 967 3073 here
979 3037 1052 3079 lest,
1068 3049 1107 3073 as
1123 3038 1160 3072 in
1172 3037 1234 3073 the
1250 3037 1344 3079 Ms„
1357 3048 1430 3073 was
1441 3037 1656 3083 doubtlessly
1665 3037 1832 3073 intended
1842 3043 1880 3073 to
1890 3038 1934 3073 be
1943 3037 2038 3074 filled
2054 3050 2103 3085 up
2115 3039 2201 3074 with
2217 3051 2314 3076 some

386 3095 503 3131 notice
519 3093 563 3130 of
574 3094 754 3129 Florence.
938 3093 954 3114 ‘¹
984 3093 1050 3129 See
1068 3093 1180 3135 Keith,
1199 3104 1236 3139 p.
1253 3093 1313 3131 47.
1496 3090 1509 3107 '
1537 3092 1595 3127 He
1611 3103 1683 3127 was
1701 3092 1927 3128 consecrated
1943 3092 2032 3128 24th
2051 3093 2189 3140 August
2208 3097 2310 3130 1203.

389 3150 401 3166 “
429 3151 496 3187 See
511 3150 694 3197 Douglae’s
711 3150 871 3195 Peerage,
890 3147 914 3183 i.
933 3150 991 3183 43.
1144 3147 1171 3164 ‘¹
1191 3147 1279 3184 This
1295 3148 1325 3183 is
1341 3147 1510 3194 probably
1526 3147 1689 3189 Duncan,
1709 3147 1802 3184 sixth
1819 3147 1890 3184 earl
1907 3147 1949 3183 of
1961 3147 2046 3189 Fife,
2061 3148 2154 3191 who,
2171 3150 2312 3186 accord-

387 3207 446 3253 ing
467 3211 506 3241 to
529 3206 697 3253 Dougcas,
723 3205 746 3240 i.
772 3205 855 3245 574,
882 3203 963 3239 died
985 3203 1022 3239 in
1049 3205 1152 3239 1203.
1311 3202 1325 3224 ²
1346 3203 1412 3240 See
1430 3204 1510 3238 Rot.
1531 3203 1610 3239 Pat.
1628 3206 1651 3239 6
1668 3202 1751 3239 Joh.
1769 3214 1816 3239 m.
1834 3205 1866 3239 1.
1884 3214 1920 3239 n.
1942 3205 1982 3244 13
2010 3203 2139 3240 Hoved.
2156 3203 2217 3241 fol.
2229 3206 2310 3241 468.

388 3260 407 3276 ¹⁸
425 3260 511 3297 MS.
531 3261 616 3313 Coit.
634 3260 756 3297 Claud.
770 3260 817 3296 D.
836 3259 909 3306 vij„
925 3258 987 3295 sol.
1008 3259 1087 3300 172,
1104 3259 1139 3294 b.

880 3336 911 3369 Ο
