2852 3874
387 454 519 504 A.D.
563 460 703 504 1145.
844 457 1270 509 CHRONICA
1316 460 1410 510 DE
1457 461 1843 514 MAILROS.
2263 475 2323 525 73

384 595 542 645 divino
567 597 721 646 officio
745 598 961 656 vacabat,
987 600 1336 667 archiepiscopo
1371 619 1400 650 a
1428 601 1676 651 Saracenis
1699 603 1747 651 in
1782 603 1977 653 ecclesia
2003 605 2322 657 miserabiliter

384 692 492 724 cum
529 678 742 726 universo
779 679 879 727 fere
921 679 1291 730 Christianorum
1326 682 1502 747 populo
1544 682 1836 731 detruncatO.
1909 683 1963 732 In
2004 684 2094 734 hac
2134 686 2323 736 civitate

382 755 551 806 beatus
578 758 791 809 Thomas
815 760 1068 826 apostolus,
1093 761 1205 809 olim
1229 760 1290 810 ab
1317 760 1452 809 India
1475 761 1737 818 transsatus,
1761 763 2023 828 requiescit.

448 837 591 886 Anno
615 840 829 904 M.c.xlvj.
863 856 1109 889 nchEsn
1145 856 1335 889 smera
1363 839 1539 888 Manna
1574 857 1640 889 m:
1676 841 1914 892 MArmos
1949 860 2203 894 DEDIOATA
2227 862 2319 895 Es'r

379 933 421 963 v.
447 917 676 966 kalendas
703 917 907 984 Augusti
935 918 1052 983 [Jul.
1078 919 1163 983 28]
1192 919 1239 966 in
1263 919 1513 967 dominica.

449 996 716 1045 Willelmus
732 996 1081 1062 archiepiscopo
1091 1006 1107 1026 ²
1122 997 1347 1063 grauibus
1363 998 1579 1062 capitulis
1601 998 1650 1046 in
1665 1000 1794 1047 curia
1813 999 2029 1050 Romana
2047 1020 2076 1050 a
2094 1003 2318 1053 diochefis

375 1076 456 1123 sue
480 1076 687 1140 personis
712 1077 956 1124 accusatus
997 1076 1079 1124 est.
1153 1075 1294 1124 Unde
1331 1077 1444 1141 quia
1481 1076 1725 1141 episcopus
1763 1078 2091 1129 Dunelmenfis
2126 1083 2318 1131 nolebat

377 1170 486 1202 eum
510 1156 801 1204 sacramento
826 1172 1046 1221 purgare,
1071 1156 1295 1221 praecepit
1320 1172 1430 1204 eum
1453 1173 1579 1221 papa
1603 1155 1852 1222 Eugenius
1876 1158 2064 1207 ceffare.

442 1233 586 1282 Anno
610 1235 841 1300 M.c.xlvij.
867 1244 970 1283 rex¹²
995 1235 1284 1283 Francorum
1312 1234 1601 1291 Ludouicus,
1627 1243 1674 1284 et
1708 1237 1843 1285 multi
1877 1237 2058 1287 nobiles
2090 1247 2137 1286 et
2170 1256 2315 1305 popu-

373 1314 445 1362 lus
469 1314 839 1370 innumerabilis,
867 1314 1188 1363 Ierosolimam
1211 1315 1414 1380 profecti
1438 1316 1542 1363 sunt
1579 1315 1639 1363 ad
1674 1315 2008 1365 debellandum
2038 1318 2315 1376 Saracenos,

372 1393 453 1442 ubi
478 1411 572 1442 non
597 1395 745 1443 solum
768 1394 911 1443 nichil
936 1395 1252 1460 profecerunt,
1277 1411 1439 1443 verum
1464 1395 1607 1442 etiam
1631 1395 1879 1460 plurimam
1897 1397 2136 1461 jacturam
2155 1400 2315 1464 populi

370 1474 453 1529 sui,
481 1482 620 1540 capto
647 1492 675 1523 a
701 1474 871 1523 Turcis
898 1474 1141 1523 Willelmo
1165 1474 1311 1524 nobili
1337 1474 1508 1522 comite
1533 1475 1592 1523 de
1621 1474 1880 1532 Warenna,
1906 1476 2095 1527 diuerfis
2119 1478 2165 1526 in
2200 1479 2313 1531 locis

371 1554 567 1618 perpefli
592 1556 711 1602 sunt.

441 1633 572 1682 Ordo
600 1634 1052 1682 Praemonstratenfis
1076 1634 1204 1682 venit
1229 1633 1290 1681 ad
1317 1634 1571 1682 Alnewic.b

440 1704 573 1762 Obiit
598 1713 627 1762 J
630 1713 841 1762 ohannes
863 1713 1160 1761 Glascuenfis
1185 1713 1465 1778 episcopus,e
1481 1721 1528 1761 et
1549 1712 1840 1762 Herebertus
1860 1714 2008 1763 abbas
2032 1716 2091 1763 de
2120 1716 2308 1765 Kelhou

369 1792 576 1841 succeffit
601 1794 702 1848 ei,‘³e
726 1795 1023 1841 consecratus
1048 1810 1077 1840 a
1100 1809 1226 1857 papa
1252 1792 1473 1858 Eugenio
1496 1792 1810 1849 Antifiodoro,
1836 1794 1911 1842 die
1936 1795 2083 1843 sancti
2111 1795 2307 1844 Bartho—

368 1873 461 1920 mei
491 1872 644 1937 [Aug.
671 1872 777 1937 24],
802 1880 850 1920 et
876 1871 1112 1920 Ernaldus
1135 1872 1290 1919 factus
1316 1871 1464 1919 abbas
1488 1871 1547 1919 de
1575 1871 1760 1920 Kalcou
1784 1873 2027 1922 secundus.

434 1951 670 1999 Henricus
703 1950 931 1999 Murdacd
962 1950 1110 1998 abbas
1145 1951 1205 1999 de
1242 1950 1472 1998 Fontibus
1507 1950 1689 1999 electus
1724 1951 1791 1999 est
1825 1952 1872 2000 in
1908 1952 2306 2018 archiepiscopum

368 2031 734 2087 Eboracensem,
768 2038 814 2079 et
846 2032 1143 2079 consecratus
1175 2029 1243 2078 est
1274 2047 1303 2078 a
1333 2046 1459 2096 papa
1492 2028 1713 2095 Eugenio
1741 2030 1962 2081 Treueris
1994 2032 2228 2083 dominica
2257 2035 2303 2097 ij.

367 2111 596 2159 adventus
621 2110 798 2159 domini
827 2110 971 2175 [Dec.
999 2110 1071 2176 7].

433 2191 567 2239 Obiit
594 2189 866 2238 Alexander
891 2190 1136 2255 episcopus
1164 2188 1425 2237 Lincolnie.

433 2270 620 2318 Eodem
657 2286 781 2318 anno
819 2269 1067 2335 Eugenius
1090 2285 1216 2336 papa
1251 2284 1479 2334 magnum
1505 2268 1754 2316 concilium
1783 2268 1944 2318 Remis
1968 2271 2119 2318 tenuit
2146 2271 2206 2318 ad
2240 2271 2303 2318 le-

365 2358 465 2397 tare
494 2350 783 2398 Ierusalem0.

433 2429 575 2477 Anno
599 2430 847 2494 M.c.xlviij.
877 2428 1109 2477 Ricardus
1132 2429 1309 2494 primus
1333 2426 1482 2476 abbas
1517 2427 1577 2475 de
1620 2426 1798 2475 Melros
1840 2427 2049 2482 disceffit,
2092 2435 2139 2475 et
2168 2427 2298 2475 Wal-

364 2507 527 2558 tenusf
549 2509 694 2557 frater
731 2507 927 2557 Henrici
960 2508 1143 2556 comitis
1172 2506 1603 2561 Northimbrorum,
1632 2514 1680 2554 et
1721 2506 1925 2554 Simonis
1960 2506 2142 2554 comitis
2175 2506 2297 2554 Nor-

362 2589 603 2643 hamtune,
628 2588 786 2637 factus
812 2587 879 2635 est
903 2586 1052 2635 abbas
1077 2586 1136 2635 de
1162 2586 1359 2635 Malros.

431 2666 706 2715 Conventus
729 2667 856 2715 venit
881 2666 942 2714 ad
969 2666 1194 2715 Alnewic.

407 2823 420 2837 ²
441 2823 605 2864 william,
623 2821 847 2867 Archbishop
861 2820 902 2856 of
909 2820 1017 2862 York,
1042 2832 1064 2855 a
1079 2820 1224 2856 relative
1240 2826 1279 2855 to
1299 2819 1392 2865 King
1407 2818 1577 2866 Stephen,
1597 2830 1656 2854 see
1668 2819 1800 2859 Stubbs,
1815 2819 1881 2854 col.
1904 2820 2005 2856 1721.
2105 2820 2185 2863 (24)
2197 2819 2211 2833 “
2228 2820 2294 2854 See

365 2881 466 2926 Veley,
482 2880 528 2914 iii.
544 2881 622 2919 119,
641 2880 720 2912 120.
772 2876 893 2918 L'Art‚
908 2876 931 2911 i.
945 2876 1028 2914 576.
1178 2875 1195 2895 b
1213 2875 1368 2913 Monast.
1381 2875 1512 2921 Anglic.
1526 2874 1561 2910 ii.
1576 2876 1658 2908 591.
1673 2874 1755 2908 edit.
1774 2876 1878 2908 1661.
2019 2872 2033 2888 ⁶
2051 2874 2141 2908 John
2153 2875 2294 2921 quex-

353 2937 429 2971 ham
445 2935 562 2981 places
574 2933 645 2969 this
662 2933 736 2968 obit
751 2932 787 2967 in
804 2932 866 2967 the
882 2943 965 2978 year
984 2933 1086 2973 1148,
1115 2930 1182 2966 col.
1201 2931 1282 2969 276.
1327 2930 1435 2976 Upon
1451 2929 1513 2964 the
1527 2929 1573 2963 3d
1590 2929 1632 2963 of
1645 2929 1730 2974 May
1749 2929 1838 2966 1147
1856 2928 1901 2964 he
1918 2940 1990 2964 was
2007 2935 2044 2963 at
2063 2928 2291 2974 Coldingham

357 2990 443 3026 with
462 2988 590 3029 David,
617 3000 654 3024 as
671 2999 818 3034 appears
841 2988 889 3034 by
905 2999 927 3022 a
942 2986 1080 3022 chartei·
1103 2985 1242 3033 printed
1263 2985 1300 3021 in
1322 2985 1386 3020 the
1410 2984 1585 3031 appendix
1608 2990 1647 3019 to
1666 2985 1803 3019 Raine’s
1819 2985 1930 3018 North
1945 2984 2111 3025 Durbam,
2143 2985 2212 3020 No.
2233 2987 2290 3019 21.

355 3046 436 3082 The
461 3046 579 3081 chron.
600 3046 636 3079 S.
648 3044 762 3079 Crucis
777 3054 894 3089 agrees
911 3042 1002 3079 with
1016 3041 1079 3078 the
1100 3046 1187 3082 text,
1205 3053 1241 3087 p.
1260 3043 1318 3079 30,
1463 3039 1479 3060 ‘²
1501 3039 1567 3075 See
1584 3039 1715 3080 Stubbs‚
1735 3039 1802 3074 col.
1825 3039 1926 3077 1721.
2072 3039 2086 3054 ⁶
2108 3039 2213 3085 Upon
2231 3039 2292 3074 the

355 3105 437 3137 2lst
453 3101 496 3138 of
516 3100 641 3141 March
661 3102 763 3134 1148.
924 3097 956 3114 ”
986 3102 1011 3123 ⁰
1026 3097 1219 3136 Herbertus
1238 3096 1435 3143 Episcopus
1456 3095 1715 3140 Glasguensis,''
1732 3106 1779 3130 on
1795 3094 1857 3132 the
1873 3095 2003 3142 margin
2027 3094 2063 3130 in
2079 3094 2141 3134 red
2156 3094 2287 3133 letters.

354 3157 367 3179 ¹
387 3157 445 3197 He
463 3169 535 3195 was
551 3156 613 3193 the
629 3160 801 3203 youngest
817 3165 882 3190 son
899 3153 942 3189 of
954 3154 1074 3192 Simon
1091 3153 1134 3190 de
1155 3152 1195 3189 St
1210 3152 1282 3194 Liz,
1304 3151 1387 3188 Earl
1403 3150 1445 3186 of
1457 3150 1729 3197 Northampton.

917 3231 951 3266 K
