2904 3886
321 513 456 562 ΑΛ).
500 515 640 559 1244.
801 502 1228 559 CHR'ONICA
1274 508 1368 558 DE
1414 507 1801 558 MAILROS.
2175 511 2265 561 159

315 652 616 700 multitudine
666 646 921 700 Ierusalem
947 647 1262 707 invadentes,
1316 648 1606 699 intraverunt
1651 649 1890 698 civitatem
1937 647 2138 696 eandem
2186 646 2263 694 die

315 733 443 788 lune,
468 731 721 780 undecimo
744 729 914 780 mensis
937 730 1068 796 Julij.
1142 729 1394 779 Christiani
1417 745 1529 778 vero
1560 729 1643 796 qui
1676 728 1743 777 ibi
1775 727 1972 777 aderant
2003 727 2065 775 ad
2096 725 2263 774 domos

314 811 570 876 hospitales
599 818 648 859 et
675 810 930 859 Ierusalem
961 809 1171 866 ecclesie,
1204 826 1298 875 que
1333 810 1438 858 sunt
1469 809 1711 874 contigue,
1742 808 1979 857 recursum
2012 806 2261 860 habentes,

313 898 361 938 et
383 891 431 938 se
454 889 794 939 munitionibus
815 889 987 955 ligneis
1009 895 1058 937 et
1088 888 1460 954 propugnaculis
1482 887 1682 953 lapideis
1706 887 2036 942 defendentes,
2060 886 2141 934 illa
2165 885 2260 939 die,

313 978 552 1018 annuente
587 968 904 1018 misericordia
938 967 1051 1016 Jesu
1084 967 1272 1023 Christi,
1309 967 1369 1016 de
1406 966 1660 1032 sepedififis
1694 966 1982 1032 nequissimis
2012 965 2259 1014 victoriam

312 1049 594 1104 habuerunt,
619 1048 777 1113 plures
799 1047 1086 1112 perimentes
1109 1063 1168 1094 ex
1192 1045 1313 1111 ipfis.
1387 1045 1460 1094 Illi
1484 1053 1647 1094 tamen
1672 1062 1780 1093 cum
1803 1062 1898 1093 non
1923 1045 2103 1109 poss'ent
2127 1046 2261 1092 suum

312 1127 600 1193 propositum
619 1126 894 1191 adimplere,
911 1142 1020 1174 cum
1039 1124 1312 1174 confufione
1330 1124 1502 1173 exinde
1520 1125 1834 1179 discedentes,
1849 1124 2092 1172 ecclefiam
2111 1124 2260 1171 san6ti

316 1207 478 1255 Iacobi
510 1206 827 1254 Armenorum
858 1204 993 1254 fitam
1024 1204 1072 1252 in
1105 1204 1296 1253 civitate
1328 1203 1498 1253 eadem
1532 1220 1616 1269 per
1647 1204 1922 1252 violentiam
1956 1211 2182 1267 ceperunt
2215 1210 2261 1250 et

311 1285 637 1340 inconsultam,
657 1292 705 1333 et
729 1285 886 1349 plures
910 1283 1192 1332 inventos'in
1211 1283 1382 1331 eadem
1407 1283 1604 1332 ecclesia
1625 1282 1877 1338 Armenos,
1897 1282 2189 1347 presbyteros
2215 1289 2261 1328 et

311 1366 506 1414 clericos
542 1372 589 1412 et
625 1364 789 1420 laicos,
827 1364 875 1411 in
913 1380 994 1412 ore
1033 1363 1180 1429 gladii
1215 1363 1562 1419 maffeaverunt,
1596 1362 1924 1428 decapitantes
1957 1361 2261 1410 castellanum

312 1445 622 1509 imperialem,
647 1452 696 1492 et
719 1451 1060 1509 praeceptorem
1095 1442 1355 1508 Hospitalis
1378 1443 1529 1492 sanfiti
1554 1442 1583 1492 J
1587 1443 1825 1498 ohannis,³
1847 1443 1928 1508 qui
1960 1443 2021 1490 ad
2050 1457 2261 1506 pugnam

312 1532 476 1571 contra
499 1541 582 1572 eos
605 1523 797 1571 viriliter
822 1524 1051 1572 exierunt.
1125 1522 1213 1570 Illa
1235 1530 1397 1571 tamen
1422 1522 1500 1571 die
1525 1522 1586 1571 de
1610 1523 1801 1571 civitate
1826 1522 2012 1587 repulsi,
2038 1521 2099 1569 ad
2131 1520 2263 1568 habi-

312 1603 488 1658 tacula,
513 1620 608 1667 que
637 1619 784 1667 prope
817 1603 1057 1650 civitatem
1091 1603 1319 1658 fecerant,
1351 1602 1457 1650 sunt
1487 1602 1672 1650 reversi.
1746 1602 1924 1650 Presati
1950 1618 2060 1649 vero
2088 1601 2263 1647 leroso-

313 1682 460 1729 limite
485 1698 605 1746 quos
628 1680 831 1746 m[u]lta
855 1680 1073 1747 angustia
1096 1680 1401 1746 perurgebat,
1431 1698 1461 1728 a
1491 1680 1628 1729 nobis
1651 1681 1916 1729 succursum
1948 1679 2264 1728 instantiffime

312 1760 632 1825 requirebant,
669 1760 731 1808 ad
765 1777 852 1809 nos
881 1767 929 1808 et
965 1760 1026 1809 ad
1062 1759 1180 1809 alios
1207 1759 1499 1808 Christianos
1522 1760 1704 1808 litteras
1736 1768 1785 1808 et
1816 1760 2014 1808 nuncios
2037 1758 2262 1823 sepiflime

312 1840 703 1896 transmittentes3
738 1840 819 1887 sed
844 1856 952 1888 cum
975 1856 1071 1887 non
1107 1838 1256 1904 posset
1281 1839 1581 1904 aliquatenus
1614 1840 1683 1888 eis
1705 1839 1938 1887 subveniri
1964 1839 2024 1887 de
2048 1839 2262 1887 succursu

312 1920 478 1983 petito,
504 1936 562 1967 eo
588 1919 717 1983 quod
748 1919 959 1967 hostibus
990 1919 1201 1984 undique
1235 1919 1343 1967 loca
1377 1919 1592 1983 proxima
1616 1919 2032 1974 circumdantibus,
2063 1918 2147 1967 nifi
2178 1934 2261 1982 per

317 1998 700 2047 Corosminorum
725 1999 984 2047 exercitum
1008 1998 1070 2046 ad
1094 1998 1335 2047 civitatem
1357 2015 1453 2046 non
1478 1998 1675 2063 patebat
1700 1998 1923 2054 accefl'us,
1949 1997 2261 2063 compaffione

313 2078 558 2143 multiplici
597 2078 943 2143 compatientes
984 2077 1160 2126 eisdem
1197 2086 1246 2126 et
1282 2078 1331 2125 in
1368 2094 1532 2126 eorum
1571 2078 1902 2126 afflictionibus
1940 2095 2019 2125 cor
2056 2077 2262 2124 nostrum

314 2157 628 2206 amaritudine
663 2157 949 2222 replebatur.
1021 2157 1203 2206 Verum
1228 2157 1352 2207 circa
1388 2174 1552 2206 eorum
1582 2156 1834 2205 subsidium
1869 2158 1981 2205 totis
2013 2155 2263 2204 affectibus

312 2237 629 2292 intendentes,
665 2237 1007 2286 deliberatione
1046 2237 1284 2286 communi
1322 2237 1623 2302 suscepimus,
1659 2245 1711 2284 ut
1745 2237 1806 2285 ad
1832 2236 2079 2285 Vafl‘arum
2110 2236 2261 2284 solda-

313 2334 442 2372 num,
484 2317 544 2364 de
582 2317 849 2372 contractu,
888 2317 969 2382 qui
1011 2316 1072 2365 de
1106 2332 1230 2365 novo
1269 2333 1377 2364 cum
1414 2315 1691 2365 Christianis
1728 2316 2008 2381 quibusdam
2043 2324 2261 2380 treugam

314 2396 498 2450 inierat,
535 2395 820 2451 mitteretur3
856 2403 909 2444 ut
946 2396 1049 2460 ejus
1087 2396 1262 2444 auxilio
1299 2396 1525 2461 praefatus
1562 2396 1766 2461 populus
1804 2397 1951 2461 usque
1990 2396 2051 2443 ad
2088 2404 2261 2444 terram

318 2474 690 2522 Christianorum
720 2475 1020 2523 securitatem
1059 2475 1344 2540 susciperent
1379 2482 1427 2523 et
1465 2475 1772 2524 condufitum.
1845 2475 2060 2524 Mifimus
2098 2475 2259 2538 itaque

315 2570 423 2601 cum
467 2554 634 2602 litteris
677 2554 844 2602 nostris
884 2554 945 2602 ad
986 2553 1231 2602 soldanum
1271 2554 1477 2603 eundem
1522 2555 1787 2620 solempnes
1834 2555 2047 2610 nuncios,
2089 2553 2261 2618 quibus

317 2633 533 2682 dedimus
564 2634 612 2681 in
635 2633 887 2689 mandatis,
913 2641 966 2682 ut
990 2633 1154 2682 audita
1183 2633 1496 2699 responsione,
1521 2651 1630 2682 cum
1661 2634 1764 2700 ejus
1796 2634 2037 2683 conductu
2067 2634 2261 2681 fratrem

322 2713 567 2761 Simonem
605 2712 665 2760 de
703 2712 866 2761 ordine
904 2712 1274 2761 Praedicatorum
1310 2713 1359 2761 in
1394 2712 1649 2762 Ierusalem
1687 2714 1952 2769 accederet,
1991 2714 2261 2761 confortans

317 2792 545 2857 populum
573 2791 907 2847 Christianum,
940 2800 988 2840 et
1011 2799 1063 2840 ut
1087 2791 1263 2840 eisdem
1287 2791 1581 2842 denuncians
1604 2793 1783 2842 soldani
1816 2794 2084 2858 responsum
2116 2791 2260 2841 confi-

318 2872 505 2920 deraret
528 2871 701 2919 statum
724 2879 847 2920 terre
871 2878 920 2919 et
942 2871 1120 2936 populi,
1145 2878 1194 2919 et
1217 2870 1353 2920 nobis
1378 2872 1538 2921 omnia
1561 2871 1885 2921 denunciaret.
1949 2872 2120 2937 Itaque
2142 2888 2260 2919 nun-

318 2951 402 2998 ciis
425 2950 665 3015 praedic‘cis
694 2951 944 3016 praefatum
967 2950 1213 2999 soldanum
1236 2950 1469 2999 contrafflfi
1505 2951 1805 3007 adeuntibus,
1829 2959 1878 3000 et
1912 2968 1997 3017 pro
2021 2951 2261 3000 condufito

317 3030 546 3094 praedifilm
571 3030 822 3095 diligenter
845 3028 1124 3078 instantibus
1149 3029 1273 3078 circa
1304 3030 1471 3095 ipsum,
1496 3030 1734 3096 respondit
1763 3031 2018 3096 praedifitus
2041 3031 2261 3080 soldanus

322 3110 602 3158 lerosolimis
625 3109 917 3158 conductum
947 3110 994 3157 se
1024 3108 1189 3157 libenti
1222 3108 1379 3157 animo
1415 3109 1757 3174 praestaturum,
1789 3110 1880 3160 hoc
1910 3119 2071 3160 tamen
2101 3111 2261 3160 facere

806 3279 888 3322 (41)
906 3276 921 3291 ⁸
950 3276 1057 3312 Peter
1073 3276 1117 3312 de
1135 3275 1335 3312 Viuebride.
1388 3276 1510 3318 L’Art‚
1531 3287 1566 3312 v.
1585 3278 1666 3317 312,
1686 3279 1769 3312 Svo.
