<?xml version="1.0" encoding="UTF-8"?>
<!DOCTYPE html PUBLIC "-//W3C//DTD XHTML 1.0 Transitional//EN"
    "http://www.w3.org/TR/xhtml1/DTD/xhtml1-transitional.dtd">
<html xmlns="http://www.w3.org/1999/xhtml" xml:lang="en" lang="en">
 <head>
  <title>
</title>
<meta http-equiv="Content-Type" content="text/html;charset=utf-8" />
  <meta name='ocr-system' content='tesseract 3.04.00' />
  <meta name='ocr-capabilities' content='ocr_page ocr_carea ocr_par ocr_line ocrx_word'/>
</head>
<body>
  <div class='ocr_page' id='page_1' title='image "./chronicdemailros00melruoft_0200.png"; bbox 0 0 2904 3886; ppageno 0'>
   <div class='ocr_carea' id='block_1_1' title="bbox 610 488 2534 541">
    <p class='ocr_par' dir='ltr' id='par_1_1' title="bbox 610 488 2534 541">
     <span class='ocr_line' id='line_1_1' title="bbox 610 488 2534 541; baseline 0.002 -4"><span class='ocrx_word' id='word_1_1' title='bbox 610 490 699 539; x_wconf 84' lang='lat'>162</span> <span class='ocrx_word' id='word_1_2' title='bbox 1051 488 1480 538; x_wconf 89' lang='lat' dir='ltr'>CHRONICA</span> <span class='ocrx_word' id='word_1_3' title='bbox 1523 488 1624 537; x_wconf 94' lang='lat' dir='ltr'>DE</span> <span class='ocrx_word' id='word_1_4' title='bbox 1673 488 2053 539; x_wconf 91' lang='lat' dir='ltr'>MAILROS.</span> <span class='ocrx_word' id='word_1_5' title='bbox 2226 491 2359 540; x_wconf 91' lang='lat' dir='ltr'>A.D.</span> <span class='ocrx_word' id='word_1_6' title='bbox 2391 496 2534 541; x_wconf 84' lang='lat'>1244.</span> 
     </span>
    </p>
   </div>
   <div class='ocr_carea' id='block_1_2' title="bbox 606 627 2543 2515">
    <p class='ocr_par' dir='ltr' id='par_1_2' title="bbox 606 627 2543 2119">
     <span class='ocr_line' id='line_1_2' title="bbox 606 627 2537 694; baseline 0.002 -16"><span class='ocrx_word' id='word_1_7' title='bbox 606 630 872 678; x_wconf 81' lang='lat' dir='ltr'><strong>habitantes</strong></span> <span class='ocrx_word' id='word_1_8' title='bbox 905 628 1079 677; x_wconf 88' lang='lat' dir='ltr'>ibidem</span> <span class='ocrx_word' id='word_1_9' title='bbox 1104 629 1184 693; x_wconf 91' lang='lat' dir='ltr'>qui</span> <span class='ocrx_word' id='word_1_10' title='bbox 1215 627 1524 676; x_wconf 87' lang='lat' dir='ltr'>censebantur</span> <span class='ocrx_word' id='word_1_11' title='bbox 1557 627 1749 676; x_wconf 91' lang='lat' dir='ltr'>nomine</span> <span class='ocrx_word' id='word_1_12' title='bbox 1777 627 2061 684; x_wconf 88' lang='lat' dir='ltr'>Christiano,</span> <span class='ocrx_word' id='word_1_13' title='bbox 2089 630 2305 694; x_wconf 88' lang='lat' dir='ltr'>quamvis</span> <span class='ocrx_word' id='word_1_14' title='bbox 2328 630 2537 682; x_wconf 90' lang='lat' dir='ltr'>subditos</span> 
     </span>
     <span class='ocr_line' id='line_1_3' title="bbox 606 706 2537 772; baseline 0.001 -14"><span class='ocrx_word' id='word_1_15' title='bbox 606 709 825 764; x_wconf 88' lang='lat' dir='ltr'>servituti,</span> <span class='ocrx_word' id='word_1_16' title='bbox 845 708 1132 755; x_wconf 83' lang='lat' dir='ltr'>dimittentes</span> <span class='ocrx_word' id='word_1_17' title='bbox 1156 707 1203 760; x_wconf 91' lang='lat' dir='ltr'>in</span> <span class='ocrx_word' id='word_1_18' title='bbox 1227 723 1346 772; x_wconf 89' lang='lat' dir='ltr'>pace</span> <span class='ocrx_word' id='word_1_19' title='bbox 1370 707 1417 754; x_wconf 91' lang='lat' dir='ltr'>in</span> <span class='ocrx_word' id='word_1_20' title='bbox 1437 706 1647 771; x_wconf 88' lang='lat' dir='ltr'>sepulcro</span> <span class='ocrx_word' id='word_1_21' title='bbox 1666 714 1714 755; x_wconf 93' lang='lat' dir='ltr'>et</span> <span class='ocrx_word' id='word_1_22' title='bbox 1738 706 1841 755; x_wconf 89' lang='lat' dir='ltr'>aliis</span> <span class='ocrx_word' id='word_1_23' title='bbox 1864 707 1980 756; x_wconf 87' lang='lat' dir='ltr'>locis</span> <span class='ocrx_word' id='word_1_24' title='bbox 1998 707 2345 757; x_wconf 88' lang='lat' dir='ltr'>venerabilibus</span> <span class='ocrx_word' id='word_1_25' title='bbox 2362 709 2537 759; x_wconf 85' lang='lat' dir='ltr'>Divina</span> 
     </span>
     <span class='ocr_line' id='line_1_4' title="bbox 606 785 2538 854; baseline 0.002 -19"><span class='ocrx_word' id='word_1_26' title='bbox 606 788 808 836; x_wconf 91' lang='lat' dir='ltr'>misteria</span> <span class='ocrx_word' id='word_1_27' title='bbox 832 786 1071 834; x_wconf 90' lang='lat' dir='ltr'>celebrare</span> <span class='ocrx_word' id='word_1_28' title='bbox 1096 794 1143 834; x_wconf 92' lang='lat' dir='ltr'>et</span> <span class='ocrx_word' id='word_1_29' title='bbox 1167 786 1337 834; x_wconf 90' lang='lat' dir='ltr'>eadem</span> <span class='ocrx_word' id='word_1_30' title='bbox 1362 785 1609 834; x_wconf 88' lang='lat' dir='ltr'>custodire.</span> <span class='ocrx_word' id='word_1_31' title='bbox 1673 785 1745 834; x_wconf 93' lang='lat' dir='ltr'>Illi</span> <span class='ocrx_word' id='word_1_32' title='bbox 1769 803 1881 835; x_wconf 89' lang='lat' dir='ltr'>vero</span> <span class='ocrx_word' id='word_1_33' title='bbox 1905 786 2200 852; x_wconf 85' lang='lat' dir='ltr'>perfidiffimi,</span> <span class='ocrx_word' id='word_1_34' title='bbox 2224 804 2319 836; x_wconf 89' lang='lat' dir='ltr'>non</span> <span class='ocrx_word' id='word_1_35' title='bbox 2343 805 2538 854; x_wconf 88' lang='lat' dir='ltr'>parcen-</span> 
     </span>
     <span class='ocr_line' id='line_1_5' title="bbox 607 865 2539 932; baseline 0.002 -18"><span class='ocrx_word' id='word_1_36' title='bbox 607 875 678 914; x_wconf 86' lang='lat' dir='ltr'>tes</span> <span class='ocrx_word' id='word_1_37' title='bbox 702 866 933 931; x_wconf 86' lang='lat' dir='ltr'>religioni,</span> <span class='ocrx_word' id='word_1_38' title='bbox 953 866 1097 920; x_wconf 86' lang='lat' dir='ltr'>sexui‚</span> <span class='ocrx_word' id='word_1_39' title='bbox 1116 865 1190 913; x_wconf 90' lang='lat' dir='ltr'>vel</span> <span class='ocrx_word' id='word_1_40' title='bbox 1209 866 1340 920; x_wconf 89' lang='lat' dir='ltr'>etati,</span> <span class='ocrx_word' id='word_1_41' title='bbox 1364 865 1470 913; x_wconf 91' lang='lat' dir='ltr'>loca</span> <span class='ocrx_word' id='word_1_42' title='bbox 1494 865 1658 914; x_wconf 70' lang='lat' dir='ltr'>sancta</span> <span class='ocrx_word' id='word_1_43' title='bbox 1682 873 1913 931; x_wconf 90' lang='lat' dir='ltr'>quantum</span> <span class='ocrx_word' id='word_1_44' title='bbox 1936 866 1984 914; x_wconf 92' lang='lat' dir='ltr'>in</span> <span class='ocrx_word' id='word_1_45' title='bbox 2002 867 2049 915; x_wconf 94' lang='lat' dir='ltr'>se</span> <span class='ocrx_word' id='word_1_46' title='bbox 2068 866 2136 915; x_wconf 90' lang='lat' dir='ltr'>est</span> <span class='ocrx_word' id='word_1_47' title='bbox 2158 868 2539 932; x_wconf 88' lang='lat' dir='ltr'>profanaverunt,</span> 
     </span>
     <span class='ocr_line' id='line_1_6' title="bbox 606 944 2540 1012; baseline 0.002 -19"><span class='ocrx_word' id='word_1_48' title='bbox 606 962 694 993; x_wconf 88' lang='lat' dir='ltr'>nec</span> <span class='ocrx_word' id='word_1_49' title='bbox 718 946 764 992; x_wconf 91' lang='lat' dir='ltr'>in</span> <span class='ocrx_word' id='word_1_50' title='bbox 789 946 887 1009; x_wconf 93' lang='lat' dir='ltr'>ipsa</span> <span class='ocrx_word' id='word_1_51' title='bbox 906 945 1095 992; x_wconf 91' lang='lat' dir='ltr'>civitate</span> <span class='ocrx_word' id='word_1_52' title='bbox 1115 944 1386 993; x_wconf 91' lang='lat' dir='ltr'>dimiserunt</span> <span class='ocrx_word' id='word_1_53' title='bbox 1410 945 1616 1009; x_wconf 88' lang='lat' dir='ltr'>aliquem</span> <span class='ocrx_word' id='word_1_54' title='bbox 1639 944 1972 994; x_wconf 84' lang='lat' dir='ltr'>Christianum.</span> <span class='ocrx_word' id='word_1_55' title='bbox 2025 945 2104 994; x_wconf 94' lang='lat' dir='ltr'>Ab</span> <span class='ocrx_word' id='word_1_56' title='bbox 2129 946 2324 995; x_wconf 87' lang='lat' dir='ltr'>ecclefia</span> <span class='ocrx_word' id='word_1_57' title='bbox 2349 948 2540 1012; x_wconf 86' lang='lat' dir='ltr'>quidem</span> 
     </span>
     <span class='ocr_line' id='line_1_7' title="bbox 608 1024 2541 1090; baseline 0.001 -16"><span class='ocrx_word' id='word_1_58' title='bbox 608 1025 803 1090; x_wconf 87' lang='lat' dir='ltr'>sepulcri</span> <span class='ocrx_word' id='word_1_59' title='bbox 831 1025 1070 1072; x_wconf 90' lang='lat' dir='ltr'>Dominici</span> <span class='ocrx_word' id='word_1_60' title='bbox 1094 1024 1277 1073; x_wconf 68' lang='lat' dir='ltr'>tectum</span> <span class='ocrx_word' id='word_1_61' title='bbox 1300 1024 1574 1089; x_wconf 91' lang='lat' dir='ltr'>plumbeum</span> <span class='ocrx_word' id='word_1_62' title='bbox 1600 1024 1910 1080; x_wconf 91' lang='lat' dir='ltr'>abstulerunt;</span> <span class='ocrx_word' id='word_1_63' title='bbox 1942 1025 2056 1090; x_wconf 91' lang='lat' dir='ltr'>quin</span> <span class='ocrx_word' id='word_1_64' title='bbox 2081 1026 2232 1074; x_wconf 91' lang='lat' dir='ltr'>eciam</span> <span class='ocrx_word' id='word_1_65' title='bbox 2257 1026 2318 1074; x_wconf 90' lang='lat' dir='ltr'>ad</span> <span class='ocrx_word' id='word_1_66' title='bbox 2341 1043 2541 1076; x_wconf 87' lang='lat' dir='ltr'>marmo-</span> 
     </span>
     <span class='ocr_line' id='line_1_8' title="bbox 608 1103 2539 1169; baseline 0.002 -17"><span class='ocrx_word' id='word_1_67' title='bbox 608 1122 738 1153; x_wconf 89' lang='lat' dir='ltr'>reum</span> <span class='ocrx_word' id='word_1_68' title='bbox 774 1104 1056 1159; x_wconf 89' lang='lat' dir='ltr'>tabulatum,</span> <span class='ocrx_word' id='word_1_69' title='bbox 1095 1103 1223 1169; x_wconf 92' lang='lat' dir='ltr'>quod</span> <span class='ocrx_word' id='word_1_70' title='bbox 1260 1104 1370 1152; x_wconf 89' lang='lat' dir='ltr'>hinc</span> <span class='ocrx_word' id='word_1_71' title='bbox 1410 1103 1520 1152; x_wconf 93' lang='lat' dir='ltr'>inde</span> <span class='ocrx_word' id='word_1_72' title='bbox 1557 1104 1821 1168; x_wconf 91' lang='lat' dir='ltr'>sepulcrum</span> <span class='ocrx_word' id='word_1_73' title='bbox 1858 1104 2163 1153; x_wconf 91' lang='lat' dir='ltr'>Dominicum</span> <span class='ocrx_word' id='word_1_74' title='bbox 2200 1105 2539 1163; x_wconf 91' lang='lat' dir='ltr'>circumdabat,</span> 
     </span>
     <span class='ocr_line' id='line_1_9' title="bbox 607 1182 2539 1250; baseline 0.001 -18"><span class='ocrx_word' id='word_1_75' title='bbox 607 1201 774 1232; x_wconf 88' lang='lat' dir='ltr'>manus</span> <span class='ocrx_word' id='word_1_76' title='bbox 805 1183 1056 1248; x_wconf 89' lang='lat' dir='ltr'>sacrilegas</span> <span class='ocrx_word' id='word_1_77' title='bbox 1088 1182 1396 1231; x_wconf 85' lang='lat' dir='ltr'>extendentes</span> <span class='ocrx_word' id='word_1_78' title='bbox 1426 1183 1576 1248; x_wconf 94' lang='lat' dir='ltr'>ipsum</span> <span class='ocrx_word' id='word_1_79' title='bbox 1606 1182 1818 1231; x_wconf 91' lang='lat' dir='ltr'>funditus</span> <span class='ocrx_word' id='word_1_80' title='bbox 1853 1191 2088 1239; x_wconf 88' lang='lat' dir='ltr'>eruerunt,</span> <span class='ocrx_word' id='word_1_81' title='bbox 2120 1184 2277 1232; x_wconf 90' lang='lat' dir='ltr'>locum</span> <span class='ocrx_word' id='word_1_82' title='bbox 2312 1186 2461 1250; x_wconf 89' lang='lat' dir='ltr'>ipsum</span> <span class='ocrx_word' id='word_1_83' title='bbox 2492 1187 2539 1234; x_wconf 92' lang='lat' dir='ltr'>in</span> 
     </span>
     <span class='ocr_line' id='line_1_10' title="bbox 609 1262 2538 1329; baseline 0.001 -18"><span class='ocrx_word' id='word_1_84' title='bbox 609 1281 703 1328; x_wconf 91' lang='lat' dir='ltr'>quo</span> <span class='ocrx_word' id='word_1_85' title='bbox 727 1263 933 1327; x_wconf 90' lang='lat' dir='ltr'>sepultus</span> <span class='ocrx_word' id='word_1_86' title='bbox 957 1262 1024 1311; x_wconf 89' lang='lat' dir='ltr'>est</span> <span class='ocrx_word' id='word_1_87' title='bbox 1051 1263 1304 1318; x_wconf 87' lang='lat' dir='ltr'>Dominus,</span> <span class='ocrx_word' id='word_1_88' title='bbox 1337 1270 1566 1328; x_wconf 89' lang='lat' dir='ltr'>quantum</span> <span class='ocrx_word' id='word_1_89' title='bbox 1598 1262 1645 1310; x_wconf 92' lang='lat' dir='ltr'>in</span> <span class='ocrx_word' id='word_1_90' title='bbox 1677 1263 1724 1311; x_wconf 93' lang='lat' dir='ltr'>se</span> <span class='ocrx_word' id='word_1_91' title='bbox 1756 1263 1838 1319; x_wconf 92' lang='lat' dir='ltr'>est,</span> <span class='ocrx_word' id='word_1_92' title='bbox 1871 1263 2189 1328; x_wconf 83' lang='lat' dir='ltr'>multipliciter</span> <span class='ocrx_word' id='word_1_93' title='bbox 2218 1263 2538 1329; x_wconf 85' lang='lat' dir='ltr'>deturpantes.</span> 
     </span>
     <span class='ocr_line' id='line_1_11' title="bbox 610 1341 2538 1410; baseline 0.001 -19"><span class='ocrx_word' id='word_1_94' title='bbox 610 1343 718 1391; x_wconf 89' lang='lat' dir='ltr'>Nec</span> <span class='ocrx_word' id='word_1_95' title='bbox 742 1343 808 1390; x_wconf 91' lang='lat' dir='ltr'>est</span> <span class='ocrx_word' id='word_1_96' title='bbox 839 1343 885 1389; x_wconf 93' lang='lat' dir='ltr'>in</span> <span class='ocrx_word' id='word_1_97' title='bbox 916 1342 1142 1390; x_wconf 91' lang='lat' dir='ltr'>memoria</span> <span class='ocrx_word' id='word_1_98' title='bbox 1167 1341 1430 1406; x_wconf 90' lang='lat' dir='ltr'>aliquorum</span> <span class='ocrx_word' id='word_1_99' title='bbox 1460 1342 1607 1406; x_wconf 92' lang='lat' dir='ltr'>usque</span> <span class='ocrx_word' id='word_1_100' title='bbox 1640 1341 1700 1389; x_wconf 94' lang='lat' dir='ltr'>ad</span> <span class='ocrx_word' id='word_1_101' title='bbox 1731 1349 1946 1407; x_wconf 91' lang='lat' dir='ltr'>tempora</span> <span class='ocrx_word' id='word_1_102' title='bbox 1976 1342 2056 1390; x_wconf 93' lang='lat' dir='ltr'>illa</span> <span class='ocrx_word' id='word_1_103' title='bbox 2085 1343 2430 1410; x_wconf 84' lang='lat' dir='ltr'>Saracenorum</span> <span class='ocrx_word' id='word_1_104' title='bbox 2456 1345 2538 1392; x_wconf 91' lang='lat' dir='ltr'>ali-</span> 
     </span>
     <span class='ocr_line' id='line_1_12' title="bbox 608 1420 2538 1486; baseline 0.001 -17"><span class='ocrx_word' id='word_1_105' title='bbox 608 1439 727 1486; x_wconf 91' lang='lat' dir='ltr'>quos</span> <span class='ocrx_word' id='word_1_106' title='bbox 751 1430 849 1469; x_wconf 92' lang='lat' dir='ltr'>tam</span> <span class='ocrx_word' id='word_1_107' title='bbox 879 1421 1059 1469; x_wconf 87' lang='lat' dir='ltr'>nefaria</span> <span class='ocrx_word' id='word_1_108' title='bbox 1083 1420 1368 1468; x_wconf 84' lang='lat' dir='ltr'>commififfe.</span> <span class='ocrx_word' id='word_1_109' title='bbox 1440 1420 1504 1468; x_wconf 92' lang='lat' dir='ltr'>Et</span> <span class='ocrx_word' id='word_1_110' title='bbox 1536 1421 1842 1469; x_wconf 84' lang='lat' dir='ltr'>ascendentes</span> <span class='ocrx_word' id='word_1_111' title='bbox 1874 1421 1935 1469; x_wconf 91' lang='lat' dir='ltr'>ad</span> <span class='ocrx_word' id='word_1_112' title='bbox 1962 1420 2246 1470; x_wconf 91' lang='lat' dir='ltr'>Beelmitam</span> <span class='ocrx_word' id='word_1_113' title='bbox 2279 1423 2538 1478; x_wconf 83' lang='lat' dir='ltr'>ecclesiam,</span> 
     </span>
     <span class='ocr_line' id='line_1_13' title="bbox 610 1499 2540 1556; baseline 0.001 -7"><span class='ocrx_word' id='word_1_114' title='bbox 610 1518 715 1549; x_wconf 90' lang='lat' dir='ltr'>earn</span> <span class='ocrx_word' id='word_1_115' title='bbox 738 1501 895 1549; x_wconf 92' lang='lat' dir='ltr'>multis</span> <span class='ocrx_word' id='word_1_116' title='bbox 918 1499 1070 1548; x_wconf 88' lang='lat' dir='ltr'>modis</span> <span class='ocrx_word' id='word_1_117' title='bbox 1094 1499 1281 1547; x_wconf 77' lang='lat' dir='ltr'>violafl&#39;e</span> <span class='ocrx_word' id='word_1_118' title='bbox 1306 1499 1545 1549; x_wconf 89' lang='lat' dir='ltr'>dicuntur:</span> <span class='ocrx_word' id='word_1_119' title='bbox 1580 1499 1687 1547; x_wconf 91' lang='lat' dir='ltr'>loca</span> <span class='ocrx_word' id='word_1_120' title='bbox 1711 1500 1854 1547; x_wconf 92' lang='lat' dir='ltr'>etiam</span> <span class='ocrx_word' id='word_1_121' title='bbox 1873 1500 2186 1556; x_wconf 69' lang='lat' dir='ltr'>sacratissima,</span> <span class='ocrx_word' id='word_1_122' title='bbox 2211 1501 2385 1549; x_wconf 89' lang='lat' dir='ltr'>scilicet</span> <span class='ocrx_word' id='word_1_123' title='bbox 2408 1518 2540 1550; x_wconf 91' lang='lat' dir='ltr'>mon-</span> 
     </span>
     <span class='ocr_line' id='line_1_14' title="bbox 607 1578 2541 1643; baseline 0.001 -15"><span class='ocrx_word' id='word_1_124' title='bbox 607 1589 703 1628; x_wconf 90' lang='lat' dir='ltr'>tem</span> <span class='ocrx_word' id='word_1_125' title='bbox 734 1581 878 1643; x_wconf 71' lang='lat' dir='ltr'>Syom</span> <span class='ocrx_word' id='word_1_126' title='bbox 907 1579 1161 1643; x_wconf 90' lang='lat' dir='ltr'>Templum</span> <span class='ocrx_word' id='word_1_127' title='bbox 1188 1579 1398 1634; x_wconf 90' lang='lat' dir='ltr'>Domini,</span> <span class='ocrx_word' id='word_1_128' title='bbox 1424 1586 1471 1627; x_wconf 93' lang='lat' dir='ltr'>et</span> <span class='ocrx_word' id='word_1_129' title='bbox 1496 1578 1588 1626; x_wconf 90' lang='lat' dir='ltr'>alia</span> <span class='ocrx_word' id='word_1_130' title='bbox 1618 1579 1725 1626; x_wconf 91' lang='lat' dir='ltr'>loca</span> <span class='ocrx_word' id='word_1_131' title='bbox 1748 1578 2036 1627; x_wconf 90' lang='lat' dir='ltr'>venerabilia</span> <span class='ocrx_word' id='word_1_132' title='bbox 2059 1580 2261 1627; x_wconf 88' lang='lat' dir='ltr'>civitatis</span> <span class='ocrx_word' id='word_1_133' title='bbox 2288 1579 2541 1629; x_wconf 90' lang='lat' dir='ltr'>Ierusalem</span> 
     </span>
     <span class='ocr_line' id='line_1_15' title="bbox 609 1657 2541 1724; baseline 0.001 -17"><span class='ocrx_word' id='word_1_134' title='bbox 609 1659 858 1724; x_wconf 87' lang='lat' dir='ltr'>turpiffime</span> <span class='ocrx_word' id='word_1_135' title='bbox 877 1659 1151 1707; x_wconf 65' lang='lat' dir='ltr'>tractantes.</span> <span class='ocrx_word' id='word_1_136' title='bbox 1214 1658 1268 1705; x_wconf 93' lang='lat' dir='ltr'>In</span> <span class='ocrx_word' id='word_1_137' title='bbox 1287 1657 1402 1706; x_wconf 90' lang='lat' dir='ltr'>urbe</span> <span class='ocrx_word' id='word_1_138' title='bbox 1427 1659 1588 1723; x_wconf 91' lang='lat' dir='ltr'>itaque</span> <span class='ocrx_word' id='word_1_139' title='bbox 1612 1658 1775 1723; x_wconf 90' lang='lat' dir='ltr'>magni</span> <span class='ocrx_word' id='word_1_140' title='bbox 1800 1658 1999 1714; x_wconf 90' lang='lat' dir='ltr'>decoris,</span> <span class='ocrx_word' id='word_1_141' title='bbox 2019 1675 2111 1724; x_wconf 92' lang='lat' dir='ltr'>que</span> <span class='ocrx_word' id='word_1_142' title='bbox 2136 1659 2290 1707; x_wconf 90' lang='lat' dir='ltr'>fuerat</span> <span class='ocrx_word' id='word_1_143' title='bbox 2314 1659 2541 1724; x_wconf 90' lang='lat' dir='ltr'>gaudium</span> 
     </span>
     <span class='ocr_line' id='line_1_16' title="bbox 610 1737 2541 1803; baseline 0.001 -17"><span class='ocrx_word' id='word_1_144' title='bbox 610 1739 817 1786; x_wconf 91' lang='lat' dir='ltr'>universe</span> <span class='ocrx_word' id='word_1_145' title='bbox 855 1746 993 1793; x_wconf 88' lang='lat' dir='ltr'>terre,</span> <span class='ocrx_word' id='word_1_146' title='bbox 1035 1738 1082 1786; x_wconf 92' lang='lat' dir='ltr'>in</span> <span class='ocrx_word' id='word_1_147' title='bbox 1120 1754 1217 1802; x_wconf 90' lang='lat' dir='ltr'>qua</span> <span class='ocrx_word' id='word_1_148' title='bbox 1256 1737 1437 1802; x_wconf 88' lang='lat' dir='ltr'>justitia</span> <span class='ocrx_word' id='word_1_149' title='bbox 1472 1737 1737 1793; x_wconf 89' lang='lat' dir='ltr'>habitabat,</span> <span class='ocrx_word' id='word_1_150' title='bbox 1779 1738 2079 1803; x_wconf 87' lang='lat' dir='ltr'>exigentibus</span> <span class='ocrx_word' id='word_1_151' title='bbox 2125 1739 2333 1802; x_wconf 91' lang='lat' dir='ltr'>peccatis</span> <span class='ocrx_word' id='word_1_152' title='bbox 2379 1740 2541 1803; x_wconf 93' lang='lat' dir='ltr'>populi</span> 
     </span>
     <span class='ocr_line' id='line_1_17' title="bbox 613 1817 2543 1873; baseline 0.001 -8"><span class='ocrx_word' id='word_1_153' title='bbox 613 1818 879 1873; x_wconf 88' lang='lat' dir='ltr'>Christiani,</span> <span class='ocrx_word' id='word_1_154' title='bbox 904 1834 1029 1865; x_wconf 90' lang='lat' dir='ltr'>nunc</span> <span class='ocrx_word' id='word_1_155' title='bbox 1052 1817 1268 1865; x_wconf 87' lang='lat' dir='ltr'>habitant</span> <span class='ocrx_word' id='word_1_156' title='bbox 1291 1817 1543 1866; x_wconf 88' lang='lat' dir='ltr'>homicide.</span> <span class='ocrx_word' id='word_1_157' title='bbox 1607 1817 1703 1865; x_wconf 87' lang='lat' dir='ltr'>Sed</span> <span class='ocrx_word' id='word_1_158' title='bbox 1728 1824 1775 1865; x_wconf 92' lang='lat' dir='ltr'>et</span> <span class='ocrx_word' id='word_1_159' title='bbox 1799 1817 1947 1865; x_wconf 89' lang='lat' dir='ltr'>hostia</span> <span class='ocrx_word' id='word_1_160' title='bbox 1973 1825 2020 1865; x_wconf 93' lang='lat' dir='ltr'>et</span> <span class='ocrx_word' id='word_1_161' title='bbox 2043 1817 2366 1865; x_wconf 89' lang='lat' dir='ltr'>holocaustum</span> <span class='ocrx_word' id='word_1_162' title='bbox 2386 1818 2543 1866; x_wconf 89' lang='lat' dir='ltr'>deficit</span> 
     </span>
     <span class='ocr_line' id='line_1_18' title="bbox 611 1896 2541 1961; baseline -0.001 -16"><span class='ocrx_word' id='word_1_163' title='bbox 611 1898 669 1945; x_wconf 89' lang='lat' dir='ltr'>ab</span> <span class='ocrx_word' id='word_1_164' title='bbox 694 1898 787 1945; x_wconf 90' lang='lat' dir='ltr'>illa.</span> <span class='ocrx_word' id='word_1_165' title='bbox 862 1897 1094 1945; x_wconf 89' lang='lat' dir='ltr'>Tulerunt</span> <span class='ocrx_word' id='word_1_166' title='bbox 1119 1897 1243 1944; x_wconf 92' lang='lat' dir='ltr'>enim</span> <span class='ocrx_word' id='word_1_167' title='bbox 1262 1897 1381 1961; x_wconf 87' lang='lat' dir='ltr'>juge</span> <span class='ocrx_word' id='word_1_168' title='bbox 1405 1896 1695 1951; x_wconf 89' lang='lat' dir='ltr'>sacrificium,</span> <span class='ocrx_word' id='word_1_169' title='bbox 1721 1896 1994 1961; x_wconf 91' lang='lat' dir='ltr'>dejecerunt</span> <span class='ocrx_word' id='word_1_170' title='bbox 2025 1897 2181 1944; x_wconf 90' lang='lat' dir='ltr'>locum</span> <span class='ocrx_word' id='word_1_171' title='bbox 2206 1897 2541 1945; x_wconf 63' lang='lat' dir='ltr'>sanctificacio-</span> 
     </span>
     <span class='ocr_line' id='line_1_19' title="bbox 609 1975 2540 2040; baseline -0.001 -16"><span class='ocrx_word' id='word_1_172' title='bbox 609 1978 696 2031; x_wconf 92' lang='lat' dir='ltr'>nis,</span> <span class='ocrx_word' id='word_1_173' title='bbox 722 1976 1029 2024; x_wconf 89' lang='lat' dir='ltr'>incenderunt</span> <span class='ocrx_word' id='word_1_174' title='bbox 1053 1976 1163 2040; x_wconf 87' lang='lat' dir='ltr'>igne</span> <span class='ocrx_word' id='word_1_175' title='bbox 1188 1976 1505 2024; x_wconf 64' lang='lat' dir='ltr'>sanctuarium</span> <span class='ocrx_word' id='word_1_176' title='bbox 1532 1975 1641 2031; x_wconf 88' lang='lat' dir='ltr'>Dei,</span> <span class='ocrx_word' id='word_1_177' title='bbox 1667 1975 1932 2040; x_wconf 91' lang='lat' dir='ltr'>polluerunt</span> <span class='ocrx_word' id='word_1_178' title='bbox 1963 1976 2119 2023; x_wconf 92' lang='lat' dir='ltr'>locum</span> <span class='ocrx_word' id='word_1_179' title='bbox 2143 1975 2435 2024; x_wconf 88' lang='lat' dir='ltr'>tabernaculi</span> <span class='ocrx_word' id='word_1_180' title='bbox 2459 1992 2540 2023; x_wconf 91' lang='lat' dir='ltr'>no—</span> 
     </span>
     <span class='ocr_line' id='line_1_20' title="bbox 610 2054 2232 2119; baseline -0.001 -16"><span class='ocrx_word' id='word_1_181' title='bbox 610 2057 746 2104; x_wconf 91' lang='lat' dir='ltr'>minis</span> <span class='ocrx_word' id='word_1_182' title='bbox 769 2056 886 2119; x_wconf 85' lang='lat' dir='ltr'>ejus,</span> <span class='ocrx_word' id='word_1_183' title='bbox 912 2056 958 2103; x_wconf 91' lang='lat' dir='ltr'>in</span> <span class='ocrx_word' id='word_1_184' title='bbox 984 2054 1316 2102; x_wconf 88' lang='lat' dir='ltr'>contumeliam</span> <span class='ocrx_word' id='word_1_185' title='bbox 1341 2062 1389 2102; x_wconf 92' lang='lat' dir='ltr'>et</span> <span class='ocrx_word' id='word_1_186' title='bbox 1413 2054 1714 2119; x_wconf 92' lang='lat' dir='ltr'>obprobrium</span> <span class='ocrx_word' id='word_1_187' title='bbox 1738 2055 1938 2102; x_wconf 92' lang='lat' dir='ltr'>nominis</span> <span class='ocrx_word' id='word_1_188' title='bbox 1967 2054 2232 2102; x_wconf 90' lang='lat' dir='ltr'>Christiani.</span> 
     </span>
    </p>

    <p class='ocr_par' dir='ltr' id='par_1_3' title="bbox 611 2132 2541 2515">
     <span class='ocr_line' id='line_1_21' title="bbox 680 2132 2539 2199; baseline 0 -17"><span class='ocrx_word' id='word_1_189' title='bbox 680 2135 871 2199; x_wconf 91' lang='lat' dir='ltr'>Insuper</span> <span class='ocrx_word' id='word_1_190' title='bbox 894 2134 1130 2189; x_wconf 86' lang='lat' dir='ltr'>noveritis,</span> <span class='ocrx_word' id='word_1_191' title='bbox 1154 2141 1288 2198; x_wconf 87' lang='lat' dir='ltr'>pater</span> <span class='ocrx_word' id='word_1_192' title='bbox 1312 2133 1488 2188; x_wconf 67' lang='lat' dir='ltr'>sancte,</span> <span class='ocrx_word' id='word_1_193' title='bbox 1508 2132 1636 2198; x_wconf 93' lang='lat' dir='ltr'>quod</span> <span class='ocrx_word' id='word_1_194' title='bbox 1660 2133 1707 2180; x_wconf 93' lang='lat' dir='ltr'>in</span> <span class='ocrx_word' id='word_1_195' title='bbox 1731 2140 1912 2181; x_wconf 90' lang='lat' dir='ltr'>tantam</span> <span class='ocrx_word' id='word_1_196' title='bbox 1937 2133 2185 2181; x_wconf 85' lang='lat' dir='ltr'>audaciam</span> <span class='ocrx_word' id='word_1_197' title='bbox 2205 2140 2252 2180; x_wconf 93' lang='lat' dir='ltr'>et</span> <span class='ocrx_word' id='word_1_198' title='bbox 2275 2134 2539 2197; x_wconf 88' lang='lat' dir='ltr'>superbiam</span> 
     </span>
     <span class='ocr_line' id='line_1_22' title="bbox 611 2211 2540 2277; baseline 0 -16"><span class='ocrx_word' id='word_1_199' title='bbox 611 2213 932 2267; x_wconf 90' lang='lat' dir='ltr'>ascenderunt,</span> <span class='ocrx_word' id='word_1_200' title='bbox 951 2212 1079 2277; x_wconf 93' lang='lat' dir='ltr'>quod</span> <span class='ocrx_word' id='word_1_201' title='bbox 1103 2229 1185 2277; x_wconf 90' lang='lat' dir='ltr'>per</span> <span class='ocrx_word' id='word_1_202' title='bbox 1208 2220 1357 2260; x_wconf 88' lang='lat' dir='ltr'>totam</span> <span class='ocrx_word' id='word_1_203' title='bbox 1375 2219 1545 2260; x_wconf 88' lang='lat' dir='ltr'>terram</span> <span class='ocrx_word' id='word_1_204' title='bbox 1570 2211 1832 2276; x_wconf 67' lang='lat' dir='ltr'>predictam</span> <span class='ocrx_word' id='word_1_205' title='bbox 1851 2211 2059 2276; x_wconf 92' lang='lat' dir='ltr'>undique</span> <span class='ocrx_word' id='word_1_206' title='bbox 2084 2212 2407 2268; x_wconf 85' lang='lat' dir='ltr'>discurrentes,</span> <span class='ocrx_word' id='word_1_207' title='bbox 2426 2230 2540 2277; x_wconf 91' lang='lat' dir='ltr'>quo-</span> 
     </span>
     <span class='ocr_line' id='line_1_23' title="bbox 611 2290 2539 2355; baseline 0.001 -16"><span class='ocrx_word' id='word_1_208' title='bbox 611 2310 711 2341; x_wconf 92' lang='lat' dir='ltr'>rum</span> <span class='ocrx_word' id='word_1_209' title='bbox 736 2309 902 2340; x_wconf 89' lang='lat' dir='ltr'>manus</span> <span class='ocrx_word' id='word_1_210' title='bbox 925 2292 989 2339; x_wconf 93' lang='lat' dir='ltr'>nil</span> <span class='ocrx_word' id='word_1_211' title='bbox 1013 2292 1123 2339; x_wconf 91' lang='lat' dir='ltr'>mali</span> <span class='ocrx_word' id='word_1_212' title='bbox 1148 2291 1463 2339; x_wconf 87' lang='lat' dir='ltr'>indifferenter</span> <span class='ocrx_word' id='word_1_213' title='bbox 1487 2291 1685 2346; x_wconf 91' lang='lat' dir='ltr'>evitant;</span> <span class='ocrx_word' id='word_1_214' title='bbox 1722 2298 1769 2338; x_wconf 90' lang='lat' dir='ltr'>et</span> <span class='ocrx_word' id='word_1_215' title='bbox 1792 2307 1948 2355; x_wconf 89' lang='lat' dir='ltr'>neque</span> <span class='ocrx_word' id='word_1_216' title='bbox 1973 2291 2019 2338; x_wconf 92' lang='lat' dir='ltr'>in</span> <span class='ocrx_word' id='word_1_217' title='bbox 2047 2290 2338 2339; x_wconf 88' lang='lat' dir='ltr'>Tiberiadim</span> <span class='ocrx_word' id='word_1_218' title='bbox 2364 2299 2411 2339; x_wconf 89' lang='lat' dir='ltr'>et</span> <span class='ocrx_word' id='word_1_219' title='bbox 2434 2292 2539 2340; x_wconf 90' lang='lat' dir='ltr'>loca</span> 
     </span>
     <span class='ocr_line' id='line_1_24' title="bbox 612 2369 2540 2436; baseline -0.002 -16"><span class='ocrx_word' id='word_1_220' title='bbox 612 2372 894 2436; x_wconf 86' lang='lat' dir='ltr'>adjacentia,</span> <span class='ocrx_word' id='word_1_221' title='bbox 926 2372 972 2418; x_wconf 92' lang='lat' dir='ltr'>in</span> <span class='ocrx_word' id='word_1_222' title='bbox 997 2371 1220 2436; x_wconf 67' lang='lat' dir='ltr'>predictis</span> <span class='ocrx_word' id='word_1_223' title='bbox 1244 2370 1471 2418; x_wconf 89' lang='lat' dir='ltr'>incendiis</span> <span class='ocrx_word' id='word_1_224' title='bbox 1495 2378 1542 2417; x_wconf 93' lang='lat' dir='ltr'>et</span> <span class='ocrx_word' id='word_1_225' title='bbox 1566 2369 1829 2418; x_wconf 89' lang='lat' dir='ltr'>homicidiis</span> <span class='ocrx_word' id='word_1_226' title='bbox 1859 2369 2170 2434; x_wconf 89' lang='lat' dir='ltr'>procedentes</span> <span class='ocrx_word' id='word_1_227' title='bbox 2200 2386 2346 2434; x_wconf 92' lang='lat' dir='ltr'>prope</span> <span class='ocrx_word' id='word_1_228' title='bbox 2374 2369 2540 2418; x_wconf 90' lang='lat' dir='ltr'>Accon</span> 
     </span>
     <span class='ocr_line' id='line_1_25' title="bbox 616 2449 2541 2515; baseline -0.001 -17"><span class='ocrx_word' id='word_1_229' title='bbox 616 2452 674 2499; x_wconf 92' lang='lat' dir='ltr'>ad</span> <span class='ocrx_word' id='word_1_230' title='bbox 704 2452 782 2515; x_wconf 87' lang='lat' dir='ltr'>vij.</span> <span class='ocrx_word' id='word_1_231' title='bbox 807 2451 1006 2498; x_wconf 91' lang='lat' dir='ltr'>miliaria</span> <span class='ocrx_word' id='word_1_232' title='bbox 1038 2457 1263 2498; x_wconf 89' lang='lat' dir='ltr'>venerant</span> <span class='ocrx_word' id='word_1_233' title='bbox 1297 2450 1344 2497; x_wconf 92' lang='lat' dir='ltr'>in</span> <span class='ocrx_word' id='word_1_234' title='bbox 1379 2449 1596 2514; x_wconf 83' lang='lat' dir='ltr'>predam3</span> <span class='ocrx_word' id='word_1_235' title='bbox 1631 2456 1899 2514; x_wconf 87' lang='lat' dir='ltr'>terramque</span> <span class='ocrx_word' id='word_1_236' title='bbox 1934 2449 2285 2504; x_wconf 90' lang='lat' dir='ltr'>ultramarinam</span> <span class='ocrx_word' id='word_1_237' title='bbox 2319 2450 2541 2497; x_wconf 87' lang='lat' dir='ltr'>noveritis</span> 
     </span>
    </p>
   </div>
   <div class='ocr_carea' id='block_1_3' title="bbox 533 2528 2540 2594">
    <p class='ocr_par' dir='ltr' id='par_1_4' title="bbox 533 2528 2540 2594">
     <span class='ocr_line' id='line_1_26' title="bbox 533 2528 2540 2594; baseline -0.003 -12"><span class='ocrx_word' id='word_1_238' title='bbox 533 2579 536 2582; x_wconf 85' lang='lat'>.</span> <span class='ocrx_word' id='word_1_239' title='bbox 611 2532 656 2578; x_wconf 92' lang='lat' dir='ltr'>in</span> <span class='ocrx_word' id='word_1_240' title='bbox 680 2530 948 2578; x_wconf 88' lang='lat' dir='ltr'>neceffitate</span> <span class='ocrx_word' id='word_1_241' title='bbox 972 2529 1172 2594; x_wconf 90' lang='lat' dir='ltr'>plurima</span> <span class='ocrx_word' id='word_1_242' title='bbox 1197 2537 1244 2576; x_wconf 92' lang='lat' dir='ltr'>et</span> <span class='ocrx_word' id='word_1_243' title='bbox 1267 2529 1475 2593; x_wconf 92' lang='lat' dir='ltr'>periculo</span> <span class='ocrx_word' id='word_1_244' title='bbox 1499 2544 1676 2593; x_wconf 87' lang='lat' dir='ltr'>magno</span> <span class='ocrx_word' id='word_1_245' title='bbox 1695 2528 2008 2583; x_wconf 90' lang='lat' dir='ltr'>constitutam,</span> <span class='ocrx_word' id='word_1_246' title='bbox 2034 2528 2208 2576; x_wconf 87' lang='lat' dir='ltr'>scilicet</span> <span class='ocrx_word' id='word_1_247' title='bbox 2226 2529 2354 2593; x_wconf 92' lang='lat' dir='ltr'>quali</span> <span class='ocrx_word' id='word_1_248' title='bbox 2379 2545 2409 2576; x_wconf 96' lang='lat' dir='ltr'>a</span> <span class='ocrx_word' id='word_1_249' title='bbox 2432 2545 2540 2578; x_wconf 91' lang='lat' dir='ltr'>cen-</span> 
     </span>
    </p>
   </div>
   <div class='ocr_carea' id='block_1_4' title="bbox 610 2606 2540 3303">
    <p class='ocr_par' dir='ltr' id='par_1_5' title="bbox 610 2606 2540 3303">
     <span class='ocr_line' id='line_1_27' title="bbox 610 2606 2539 2672; baseline 0 -15"><span class='ocrx_word' id='word_1_250' title='bbox 610 2619 709 2658; x_wconf 89' lang='lat' dir='ltr'>tum</span> <span class='ocrx_word' id='word_1_251' title='bbox 734 2610 867 2657; x_wconf 89' lang='lat' dir='ltr'>annis</span> <span class='ocrx_word' id='word_1_252' title='bbox 890 2626 983 2656; x_wconf 92' lang='lat' dir='ltr'>non</span> <span class='ocrx_word' id='word_1_253' title='bbox 1009 2609 1226 2656; x_wconf 92' lang='lat' dir='ltr'>recolitur</span> <span class='ocrx_word' id='word_1_254' title='bbox 1250 2607 1462 2656; x_wconf 83' lang='lat' dir='ltr'>extitifi&#39;e.</span> <span class='ocrx_word' id='word_1_255' title='bbox 1535 2606 1807 2656; x_wconf 86' lang='lat' dir='ltr'>Ascendant</span> <span class='ocrx_word' id='word_1_256' title='bbox 1831 2608 1973 2672; x_wconf 88' lang='lat' dir='ltr'>igitur</span> <span class='ocrx_word' id='word_1_257' title='bbox 1998 2607 2059 2655; x_wconf 93' lang='lat' dir='ltr'>ad</span> <span class='ocrx_word' id='word_1_258' title='bbox 2084 2624 2220 2655; x_wconf 88' lang='lat' dir='ltr'>aures</span> <span class='ocrx_word' id='word_1_259' title='bbox 2243 2608 2402 2656; x_wconf 91' lang='lat' dir='ltr'>vicarii</span> <span class='ocrx_word' id='word_1_260' title='bbox 2428 2607 2539 2657; x_wconf 87' lang='lat' dir='ltr'>Jesu</span> 
     </span>
     <span class='ocr_line' id='line_1_28' title="bbox 614 2685 2539 2753; baseline -0.001 -16"><span class='ocrx_word' id='word_1_261' title='bbox 614 2689 799 2743; x_wconf 88' lang='lat' dir='ltr'>Christi,</span> <span class='ocrx_word' id='word_1_262' title='bbox 823 2691 944 2736; x_wconf 88' lang='lat' dir='ltr'>terre</span> <span class='ocrx_word' id='word_1_263' title='bbox 969 2688 1130 2736; x_wconf 69' lang='lat' dir='ltr'>sancte</span> <span class='ocrx_word' id='word_1_264' title='bbox 1165 2687 1370 2753; x_wconf 88' lang='lat' dir='ltr'>gemitus</span> <span class='ocrx_word' id='word_1_265' title='bbox 1394 2686 1607 2742; x_wconf 91' lang='lat' dir='ltr'>dolorofi,</span> <span class='ocrx_word' id='word_1_266' title='bbox 1639 2685 1831 2735; x_wconf 82' lang='lat' dir='ltr'>ecclesie</span> <span class='ocrx_word' id='word_1_267' title='bbox 1860 2686 2112 2735; x_wconf 81' lang='lat' dir='ltr'>Ierusalem</span> <span class='ocrx_word' id='word_1_268' title='bbox 2146 2687 2355 2735; x_wconf 91' lang='lat' dir='ltr'>lamenta</span> <span class='ocrx_word' id='word_1_269' title='bbox 2379 2695 2427 2735; x_wconf 89' lang='lat' dir='ltr'>et</span> <span class='ocrx_word' id='word_1_270' title='bbox 2457 2687 2539 2736; x_wconf 92' lang='lat' dir='ltr'>ob-</span> 
     </span>
     <span class='ocr_line' id='line_1_29' title="bbox 611 2765 2540 2833; baseline -0.001 -18"><span class='ocrx_word' id='word_1_271' title='bbox 611 2768 797 2833; x_wconf 89' lang='lat' dir='ltr'>probria</span> <span class='ocrx_word' id='word_1_272' title='bbox 834 2767 1222 2832; x_wconf 87' lang='lat' dir='ltr'>exprobrancium</span> <span class='ocrx_word' id='word_1_273' title='bbox 1258 2766 1368 2814; x_wconf 93' lang='lat' dir='ltr'>fidei</span> <span class='ocrx_word' id='word_1_274' title='bbox 1404 2765 1682 2814; x_wconf 87' lang='lat' dir='ltr'>Christiane.</span> <span class='ocrx_word' id='word_1_275' title='bbox 1755 2766 1963 2814; x_wconf 91' lang='lat' dir='ltr'>Prodeat</span> <span class='ocrx_word' id='word_1_276' title='bbox 1994 2766 2054 2814; x_wconf 90' lang='lat' dir='ltr'>de</span> <span class='ocrx_word' id='word_1_277' title='bbox 2091 2765 2286 2815; x_wconf 82' lang='lat' dir='ltr'>ecclesia</span> <span class='ocrx_word' id='word_1_278' title='bbox 2323 2765 2540 2815; x_wconf 86' lang='lat' dir='ltr'>Romana</span> 
     </span>
     <span class='ocr_line' id='line_1_30' title="bbox 612 2845 2538 2912; baseline -0.001 -17"><span class='ocrx_word' id='word_1_279' title='bbox 612 2848 795 2912; x_wconf 89' lang='lat' dir='ltr'>gladius</span> <span class='ocrx_word' id='word_1_280' title='bbox 819 2847 1054 2895; x_wconf 89' lang='lat' dir='ltr'>bisacutus</span> <span class='ocrx_word' id='word_1_281' title='bbox 1079 2846 1139 2894; x_wconf 93' lang='lat' dir='ltr'>ad</span> <span class='ocrx_word' id='word_1_282' title='bbox 1163 2845 1496 2894; x_wconf 89' lang='lat' dir='ltr'>vindicandum</span> <span class='ocrx_word' id='word_1_283' title='bbox 1519 2846 1795 2911; x_wconf 90' lang='lat' dir='ltr'>sanguinem</span> <span class='ocrx_word' id='word_1_284' title='bbox 1830 2846 2146 2901; x_wconf 90' lang='lat' dir='ltr'>innocentem,</span> <span class='ocrx_word' id='word_1_285' title='bbox 2171 2853 2310 2894; x_wconf 80' lang='lat' dir='ltr'>exeat</span> <span class='ocrx_word' id='word_1_286' title='bbox 2331 2845 2395 2894; x_wconf 69' lang='lat' dir='ltr'>‘de</span> <span class='ocrx_word' id='word_1_287' title='bbox 2418 2845 2538 2894; x_wconf 89' lang='lat' dir='ltr'>thes-</span> 
     </span>
     <span class='ocr_line' id='line_1_31' title="bbox 614 2923 2537 2991; baseline -0.001 -18"><span class='ocrx_word' id='word_1_288' title='bbox 614 2927 735 2974; x_wconf 88' lang='lat' dir='ltr'>auris</span> <span class='ocrx_word' id='word_1_289' title='bbox 759 2926 896 2991; x_wconf 87' lang='lat' dir='ltr'>ipfius</span> <span class='ocrx_word' id='word_1_290' title='bbox 920 2925 1175 2975; x_wconf 91' lang='lat' dir='ltr'>consolatio</span> <span class='ocrx_word' id='word_1_291' title='bbox 1199 2925 1433 2980; x_wconf 91' lang='lat' dir='ltr'>desolatis,</span> <span class='ocrx_word' id='word_1_292' title='bbox 1463 2925 1644 2973; x_wconf 92' lang='lat' dir='ltr'>intonet</span> <span class='ocrx_word' id='word_1_293' title='bbox 1668 2924 1728 2973; x_wconf 89' lang='lat' dir='ltr'>de</span> <span class='ocrx_word' id='word_1_294' title='bbox 1751 2924 1970 2973; x_wconf 88' lang='lat' dir='ltr'>faucibus</span> <span class='ocrx_word' id='word_1_295' title='bbox 1993 2924 2132 2989; x_wconf 89' lang='lat' dir='ltr'>ipfius</span> <span class='ocrx_word' id='word_1_296' title='bbox 2155 2923 2350 2972; x_wconf 87' lang='lat' dir='ltr'>verbum</span> <span class='ocrx_word' id='word_1_297' title='bbox 2374 2924 2537 2973; x_wconf 90' lang='lat' dir='ltr'>exhor-</span> 
     </span>
     <span class='ocr_line' id='line_1_32' title="bbox 613 3002 2537 3071; baseline -0.002 -19"><span class='ocrx_word' id='word_1_298' title='bbox 613 3006 801 3054; x_wconf 90' lang='lat' dir='ltr'>tationis</span> <span class='ocrx_word' id='word_1_299' title='bbox 819 3005 880 3053; x_wconf 92' lang='lat' dir='ltr'>ad</span> <span class='ocrx_word' id='word_1_300' title='bbox 904 3023 1040 3071; x_wconf 89' lang='lat' dir='ltr'>reges</span> <span class='ocrx_word' id='word_1_301' title='bbox 1059 3013 1106 3054; x_wconf 93' lang='lat' dir='ltr'>et</span> <span class='ocrx_word' id='word_1_302' title='bbox 1123 3004 1285 3053; x_wconf 90' lang='lat' dir='ltr'>mundi</span> <span class='ocrx_word' id='word_1_303' title='bbox 1303 3004 1536 3070; x_wconf 91' lang='lat' dir='ltr'>principes</span> <span class='ocrx_word' id='word_1_304' title='bbox 1554 3004 1805 3060; x_wconf 92' lang='lat' dir='ltr'>universos,</span> <span class='ocrx_word' id='word_1_305' title='bbox 1824 3011 1875 3052; x_wconf 93' lang='lat' dir='ltr'>ut</span> <span class='ocrx_word' id='word_1_306' title='bbox 1894 3003 1955 3052; x_wconf 92' lang='lat' dir='ltr'>ad</span> <span class='ocrx_word' id='word_1_307' title='bbox 1973 3002 2303 3052; x_wconf 91' lang='lat' dir='ltr'>vindicandam</span> <span class='ocrx_word' id='word_1_308' title='bbox 2321 3002 2537 3066; x_wconf 86' lang='lat' dir='ltr'>injuriam</span> 
     </span>
     <span class='ocr_line' id='line_1_33' title="bbox 614 3079 2535 3150; baseline -0.002 -19"><span class='ocrx_word' id='word_1_309' title='bbox 614 3083 641 3131; x_wconf 92' lang='lat' dir='ltr'>J</span> <span class='ocrx_word' id='word_1_310' title='bbox 646 3085 724 3132; x_wconf 88' lang='lat' dir='ltr'>esu</span> <span class='ocrx_word' id='word_1_311' title='bbox 752 3083 935 3139; x_wconf 90' lang='lat' dir='ltr'>Christi,</span> <span class='ocrx_word' id='word_1_312' title='bbox 959 3102 1041 3149; x_wconf 92' lang='lat' dir='ltr'>per</span> <span class='ocrx_word' id='word_1_313' title='bbox 1065 3101 1207 3150; x_wconf 89' lang='lat' dir='ltr'>quem</span> <span class='ocrx_word' id='word_1_314' title='bbox 1231 3085 1391 3133; x_wconf 88' lang='lat' dir='ltr'>vivunt</span> <span class='ocrx_word' id='word_1_315' title='bbox 1415 3091 1462 3132; x_wconf 92' lang='lat' dir='ltr'>et</span> <span class='ocrx_word' id='word_1_316' title='bbox 1485 3091 1702 3149; x_wconf 90' lang='lat' dir='ltr'>regnant,</span> <span class='ocrx_word' id='word_1_317' title='bbox 1727 3091 1775 3132; x_wconf 90' lang='lat' dir='ltr'>et</span> <span class='ocrx_word' id='word_1_318' title='bbox 1797 3083 1950 3131; x_wconf 90' lang='lat' dir='ltr'>tocius</span> <span class='ocrx_word' id='word_1_319' title='bbox 1977 3081 2338 3131; x_wconf 88' lang='lat' dir='ltr'>Christianitatis</span> <span class='ocrx_word' id='word_1_320' title='bbox 2368 3079 2535 3144; x_wconf 90' lang='lat' dir='ltr'>obpro-</span> 
     </span>
     <span class='ocr_line' id='line_1_34' title="bbox 615 3157 2536 3226; baseline -0.002 -17"><span class='ocrx_word' id='word_1_321' title='bbox 615 3162 714 3209; x_wconf 89' lang='lat' dir='ltr'>bria</span> <span class='ocrx_word' id='word_1_322' title='bbox 744 3178 838 3209; x_wconf 93' lang='lat' dir='ltr'>non</span> <span class='ocrx_word' id='word_1_323' title='bbox 868 3163 1090 3226; x_wconf 88' lang='lat' dir='ltr'>permiffis</span> <span class='ocrx_word' id='word_1_324' title='bbox 1119 3164 1250 3211; x_wconf 91' lang='lat' dir='ltr'>illata</span> <span class='ocrx_word' id='word_1_325' title='bbox 1280 3163 1340 3212; x_wconf 94' lang='lat' dir='ltr'>de</span> <span class='ocrx_word' id='word_1_326' title='bbox 1373 3163 1592 3211; x_wconf 88' lang='lat' dir='ltr'>festinato</span> <span class='ocrx_word' id='word_1_327' title='bbox 1620 3163 1834 3211; x_wconf 88' lang='lat' dir='ltr'>succursu</span> <span class='ocrx_word' id='word_1_328' title='bbox 1865 3169 1987 3210; x_wconf 91' lang='lat' dir='ltr'>terre</span> <span class='ocrx_word' id='word_1_329' title='bbox 2017 3160 2230 3226; x_wconf 58' lang='lat' dir='ltr'>predifste</span> <span class='ocrx_word' id='word_1_330' title='bbox 2261 3157 2536 3207; x_wconf 87' lang='lat' dir='ltr'>subveniant</span> 
     </span>
     <span class='ocr_line' id='line_1_35' title="bbox 614 3237 2533 3303; baseline -0.001 -16"><span class='ocrx_word' id='word_1_331' title='bbox 614 3239 728 3288; x_wconf 92' lang='lat' dir='ltr'>ficut</span> <span class='ocrx_word' id='word_1_332' title='bbox 765 3240 913 3288; x_wconf 88' lang='lat' dir='ltr'>vestra</span> <span class='ocrx_word' id='word_1_333' title='bbox 947 3242 1169 3290; x_wconf 67' lang='lat' dir='ltr'>sanctitas</span> <span class='ocrx_word' id='word_1_334' title='bbox 1201 3241 1384 3289; x_wconf 87' lang='lat' dir='ltr'>duxerit</span> <span class='ocrx_word' id='word_1_335' title='bbox 1418 3241 1744 3289; x_wconf 88' lang='lat' dir='ltr'>ordinandum.</span> <span class='ocrx_word' id='word_1_336' title='bbox 1817 3239 1998 3288; x_wconf 67' lang='lat' dir='ltr'>Actum</span> <span class='ocrx_word' id='word_1_337' title='bbox 2028 3237 2155 3303; x_wconf 92' lang='lat' dir='ltr'>apud</span> <span class='ocrx_word' id='word_1_338' title='bbox 2192 3237 2373 3293; x_wconf 89' lang='lat' dir='ltr'>Accon,</span> <span class='ocrx_word' id='word_1_339' title='bbox 2409 3253 2533 3286; x_wconf 91' lang='lat' dir='ltr'>anno</span> 
     </span>
    </p>
   </div>
  </div>
 </body>
</html>
