2904 3886
615 494 706 538 150
1075 487 1498 538 CHRONICA
1543 487 1644 535 DE
1690 486 2077 538 MAILROS.
2230 491 2363 540 A.D.
2405 496 2544 547 1239.

684 634 876 681 Intravit
904 630 1089 685 Ottho,0
1113 630 1340 677 diaconus
1371 628 1622 677 cardinalis
1647 628 1708 676 ad
1731 628 1919 676 titulum
1943 629 2093 677 sanai
2119 628 2358 695 Nicholay
2377 631 2424 679 in
2447 648 2545 680 car-

618 730 723 760 cere
752 711 988 764 Tulliano,
1019 717 1067 756 et
1105 708 1358 773 apostolice
1391 707 1511 756 sedis
1547 708 1751 773 legatus,
1786 707 2013 763 Scotiam,
2045 708 2170 757 circa
2206 708 2376 758 festum
2398 710 2547 759 sancti

619 791 814 838 Mathaei
851 788 1044 853 apostoli
1081 796 1128 835 et
1163 787 1459 852 ewangeliste
1496 786 1635 852 [Sep.
1661 787 1774 852 21];
1812 795 1860 836 et
1891 788 1938 835 in
1969 788 2128 853 vigilia
2163 788 2313 837 saneti
2349 789 2549 838 Dionifii

622 870 753 933 [Oct.
781 868 832 932 8]
870 868 996 932 apud
1030 867 1209 915 Melros
1238 884 1397 915 coram
1429 883 1487 915 eo
1515 867 1812 931 supradictus
1846 866 1937 915 H.s
1963 868 2132 916 iterum
2161 868 2207 915 in
2238 867 2462 917 abbatem
2489 869 2550 917 de

622 949 802 996 Calcou
829 947 1031 1012 eligitur.
1102 946 1232 995 Nam
1267 946 1572 1011 praedeceffor
1607 946 1725 1011 ejus,
1759 947 1825 994 vir
1859 947 1955 995 vita
1979 955 2026 995 et
2054 948 2262 996 moribus
2286 948 2551 1004 laudabilis,

620 1027 920 1082 Herbertus‚ss
943 1027 1109 1092 plenus
1134 1026 1314 1075 dierum
1338 1026 1485 1092 gratis
1509 1042 1671 1074 curam
1695 1027 1882 1091 reliquit
1910 1027 2207 1092 pastoralem,
2281 1027 2553 1076 Celebravit

619 1108 743 1155 idem
785 1106 948 1154 Hotho
987 1106 1236 1154 concilium
1274 1107 1407 1154 suum
1443 1106 1571 1171 apud
1610 1105 1869 1162 Edinburc,
1907 1107 1954 1154 in
1995 1107 2194 1155 crastino
2232 1108 2381 1156 sancti
2420 1107 2554 1156 Luce

619 1185 901 1251 ewangelisti
937 1185 1071 1251 [Oct.
1103 1185 1203 1250 19]‚
1234 1194 1280 1233 et
1312 1185 1413 1250 post
1437 1186 1829 1250 sollempnitatem
1859 1187 2067 1234 omnium
2096 1187 2364 1235 sanctorum
2403 1187 2552 1252 [Nov.

628 1266 671 1330 l]
702 1284 729 1313 a
759 1267 921 1314 Scotia
945 1265 1154 1313 disceffit.

692 1346 826 1400 Item,
847 1346 1079 1410 dompnus
1097 1343 1331 1393 Henricus
1348 1344 1495 1392 abbas
1514 1344 1573 1392 de
1596 1344 1874 1404 Gedewr3e,
1891 1345 1957 1392 vir
1972 1345 2254 1410 grandevus,
2271 1345 2333 1393 ob
2347 1345 2555 1394 imbecil-

623 1427 802 1473 litatem
827 1425 1032 1489 corporis
1056 1424 1274 1489 pastorali
1299 1441 1410 1472 cure
1443 1423 1680 1479 valedixit,
1717 1425 1791 1471 cui
1817 1424 2024 1473 succeffit
2053 1424 2286 1489 dompnus
2313 1425 2556 1490 Philippus

624 1505 830 1569 ejusdem
857 1504 1024 1551 domus
1049 1504 1320 1551 canonicus.

690 1584 874 1631 Eodem
910 1599 1033 1630 anno
1064 1583 1220 1630 levata
1251 1582 1354 1630 sunt
1389 1582 1484 1630 offa
1516 1581 1795 1630 venerabilis
1823 1582 1931 1630 Ade
1967 1583 2172 1647 episcopi
2201 1583 2496 1647 Cathenesye
2531 1601 2558 1630 a

622 1666 726 1711 loco
754 1664 831 1711 ubi
869 1663 969 1727 post
1004 1662 1276 1725 martyrium
1309 1661 1488 1726 sepulta
1521 1669 1669 1715 erant,
1703 1669 1750 1708 et
1783 1661 1843 1709 ad
1872 1661 2030 1709 sedem
2062 1662 2376 1726 episcopalem
2401 1662 2559 1710 delata

625 1744 782 1807 ibique
806 1741 1060 1790 honorifice
1086 1742 1288 1805 sepulta;
1313 1742 1359 1788 in
1384 1758 1585 1805 quorum
1609 1741 1861 1796 levat-ione,
1882 1748 1933 1788 ut
1957 1742 2119 1796 fertur,
2145 1741 2278 1789 facta
2295 1742 2399 1789 sunt
2423 1742 2559 1789 mira-

624 1824 728 1870 cula
754 1840 845 1869 non
872 1839 1039 1887 pauca.

695 1903 833 1949 Anno
868 1901 1065 1949 Domini
1098 1901 1291 1948 M.cc.xl.
1327 1900 1443 1947 obiit
1474 1899 1752 1947 venerabilis
1787 1899 1996 1948 Leonius
2032 1900 2180 1948 abbas
2208 1899 2471 1955 Riewalis‚ff
2498 1901 2557 1964 vj.

626 1982 728 2029 idus
748 1981 958 2029 ,Ianuarii
989 1980 1037 2044 [J
1042 1997 1117 2027 an.
1139 1979 1210 2043 8],
1230 1980 1305 2027 cui
1330 1979 1432 2043 post
1456 1979 1629 2043 pascha
1652 1979 1791 2043 [Apr.
1819 1979 1898 2044 15]
1921 1979 2128 2028 succeffit
2147 1980 2380 2044 dompnus
2401 1979 2559 2027 Adam

626 2062 684 2108 de
713 2061 757 2108 T
760 2061 920 2114 illetai,
947 2059 1093 2106 abbas
1132 2097 1141 2106 .
1182 2096 1192 2106 .
1233 2096 1243 2106 .
1279 2096 1289 2105 .

694 2140 878 2187 Eodem
912 2156 1051 2194 anno,
1082 2139 1127 2185 in
1158 2138 1233 2185 die
1263 2138 1411 2186 sancti
1447 2137 1683 2185 Vincentii
1717 2137 1848 2202 [Jan.
1874 2138 1980 2202 22],
2016 2139 2311 2186 consecratur
2343 2138 2560 2185 dominus

632 2219 790 2266 Dauid
816 2219 874 2265 de
903 2217 1135 2266 Bernamh
1161 2218 1207 2264 in
1232 2217 1340 2264 sede
1365 2218 1446 2264 sua
1471 2234 1499 2263 a
1524 2217 1713 2264 domino
1737 2216 1979 2265 Willelmo
2003 2217 2222 2282 episcopo
2247 2217 2306 2265 de
2334 2217 2524 2266 Glascu.

698 2299 946 2362 Dompnus
985 2297 1226 2344 Walterus
1260 2295 1407 2344 abbas
1439 2295 1498 2343 de
1536 2295 1740 2343 Driburc
1771 2296 1897 2344 ceffit
1929 2297 2082 2344 officio
2114 2297 2213 2351 suo,
2246 2304 2293 2344 et
2328 2296 2560 2360 dompnus

630 2378 870 2424 ,lohannes
896 2376 1104 2441 ejusdem
1129 2376 1296 2424 domus
1322 2376 1575 2424 canonicus
1599 2376 1642 2423 ei
1667 2375 1887 2424 succeffit.

699 2456 829 2504 Obiit
858 2455 927 2503 L.i
952 2473 1031 2503 rex
1060 2455 1251 2510 Wallie,
1278 2456 1353 2503 cui
1378 2455 1584 2503 succeffit
1612 2455 1773 2503 Dauid
1796 2455 1916 2503 filius
1940 2455 2057 2519 ejus.

700 2536 831 2583 Obiit
850 2535 1094 2583 Johannes
1119 2535 1177 2582 de
1205 2535 1537 2583 Normanuill’.

701 2615 836 2669 Item,
863 2614 1096 2679 dompnus
1123 2613 1395 2662 Alexander
1420 2614 1568 2663 abbas
1592 2614 1651 2662 de
1681 2614 1842 2679 Cupro
1872 2613 2151 2679 pastoralem
2175 2630 2337 2661 curam
2360 2614 2562 2678 reliquit,

634 2704 679 2741 et
704 2695 936 2759 dompnus
963 2693 1254 2743 Gillebertus
1278 2694 1487 2758 ejusdem
1512 2694 1679 2742 domus
1703 2694 1964 2742 monachus
1988 2694 2031 2741 ei
2056 2692 2277 2742 succeffit.

703 2774 838 2829 Item,
863 2773 978 2821 obiit
1003 2773 1276 2822 Jocelinusk
1299 2774 1545 2839 episcopus
1571 2772 1880 2822 Batonienfis.

694 2882 706 2894 ⁰
730 2881 809 2915 Odo
826 2881 858 2915 le
879 2880 987 2916 Blanc
1003 2881 1194 2916 d’Alerain.
1248 2882 1315 2917 See
1333 2882 1484 2922 Fordun,
1503 2881 1538 2916 ii.
1557 2885 1615 2916 66.
1762 2880 1774 2900 ¹
1795 2881 1954 2927 Namely‚
1971 2879 2122 2915 Herbert
2142 2879 2315 2920 MaunseL
2331 2878 2413 2914 who
2429 2878 2500 2913 had
2515 2889 2568 2912 re-

632 2936 749 2981 signed
766 2935 819 2970 his
837 2936 962 2982 charge
979 2937 1013 2971 in
1035 2939 1146 2977 1236;
1172 2937 1208 2971 in
1225 2936 1287 2972 the
1304 2937 1518 2983 manuscript
1534 2937 1562 2971 is
1579 2936 1641 2972 the
1658 2936 1823 2982 marginal
1838 2943 1923 2972 note
1943 2941 1967 2956 “
1981 2937 2088 2971 abbas
2101 2935 2145 2971 de
2160 2935 2299 2971 Kaleon
2315 2935 2371 2969 x.’‘
2480 2932 2508 2952 Π
2529 2933 2569 2967 In

633 2991 693 3025 the
710 2992 849 3036 margin,
873 2999 895 3012 “
914 2993 1020 3027 abbas
1039 2992 1270 3028 Rieuallensis
1286 2992 1390 3038 xiiij.”
1510 2992 1526 3013 ⁸
1547 2992 1678 3038 Hugo‘?
1704 3004 1762 3028 see
1773 2993 1896 3034 above,
1913 2991 2024 3027 under
2035 2991 2097 3027 the
2113 3002 2196 3038 year
2211 2992 2313 3025 1236.
2443 2987 2460 3007 *¹
2481 2986 2568 3022 This

634 3054 810 3087 sentence,
829 3047 882 3081 for
898 3047 960 3082 the
977 3047 1050 3083 first
1066 3048 1150 3083 time
1167 3048 1305 3094 printed
1322 3048 1443 3089 entire,
1463 3054 1614 3083 eorrects
1630 3048 1693 3083 the
1717 3059 1812 3083 error
1835 3047 1911 3084 into
1927 3046 2044 3083 which
2062 3047 2164 3082 Keith
2180 3045 2251 3081 had
2265 3043 2370 3079 fallen
2393 3041 2570 3088 regarding

635 3101 705 3135 this
722 3101 865 3147 bishop;
893 3103 973 3144 and,
993 3103 1100 3138 taken
1116 3104 1152 3138 in
1170 3103 1396 3150 conjunctior)
1413 3103 1499 3138 with
1516 3104 1613 3140 what
1628 3104 1658 3139 is
1675 3103 1876 3140 nsterwards
1893 3103 2009 3139 stated
2023 3102 2060 3138 in
2076 3102 2139 3138 the
2163 3111 2246 3148 year
2265 3101 2367 3140 1258,
2385 3098 2415 3133 58
2431 3110 2454 3133 8·
2468 3098 2576 3144 proof

636 3155 677 3189 of
688 3155 748 3190 the
766 3168 934 3203 accuracy
951 3158 993 3192 of
1004 3159 1155 3200 For-dun,
1175 3159 1293 3194 whom
1313 3159 1423 3195 Keith
1439 3159 1536 3201 cites,
1556 3172 1591 3206 p.
1614 3160 1669 3198 17.
1723 3160 1791 3195 See
1807 3159 1882 3195 also
1900 3159 2051 3199 For-dum,
2078 3158 2113 3193 ii.
2131 3158 2189 3193 68.
2333 3154 2342 3173 ¹
2364 3151 2511 3193 Lewlilb
2531 3164 2571 3187 or

640 3210 818 3245 Lewellin.
872 3212 938 3247 See
956 3214 1035 3248 Rot.
1053 3215 1132 3249 Pae.
1147 3217 1192 3249 25
1213 3214 1308 3249 Hen.
1329 3214 1422 3255 111,;
1449 3215 1519 3250 and
1535 3215 1610 3250 also
1626 3215 1686 3250 M.
1700 3216 1812 3256 Paris,
1832 3226 1868 3261 p.
1887 3216 1969 3261 355.
2152 3211 2168 3232 “
2186 3209 2372 3251 Josceline,
2391 3208 2518 3254 biShOP
2535 3207 2578 3242 Of

642 3265 744 3304 Rath,
764 3266 792 3300 is
810 3267 981 3312 generally
998 3269 1176 3314 supposed
1191 3275 1230 3304 to
1246 3268 1338 3305 have
1354 3269 1581 3305 survivedtill
1600 3269 1686 3305 19th
1703 3267 1916 3311 November,
1939 3270 2041 3304 1242.

2637 723 2696 758 fol.
2716 726 2774 757 44.
