<?xml version="1.0" encoding="UTF-8"?>
<!DOCTYPE html PUBLIC "-//W3C//DTD XHTML 1.0 Transitional//EN"
    "http://www.w3.org/TR/xhtml1/DTD/xhtml1-transitional.dtd">
<html xmlns="http://www.w3.org/1999/xhtml" xml:lang="en" lang="en">
 <head>
  <title>
</title>
<meta http-equiv="Content-Type" content="text/html;charset=utf-8" />
  <meta name='ocr-system' content='tesseract 3.04.00' />
  <meta name='ocr-capabilities' content='ocr_page ocr_carea ocr_par ocr_line ocrx_word'/>
</head>
<body>
  <div class='ocr_page' id='page_1' title='image "./chronicdemailros00melruoft_0054.png"; bbox 0 0 2852 3874; ppageno 0'>
   <div class='ocr_carea' id='block_1_1' title="bbox 561 488 2474 548">
    <p class='ocr_par' dir='ltr' id='par_1_1' title="bbox 561 488 2474 548">
     <span class='ocr_line' id='line_1_1' title="bbox 561 488 2474 548; baseline -0.001 -6"><span class='ocrx_word' id='word_1_1' title='bbox 561 498 624 541; x_wconf 80' lang='lat'>20</span> <span class='ocrx_word' id='word_1_2' title='bbox 1022 491 1440 542; x_wconf 90' lang='lat' dir='ltr'>CHRONICA</span> <span class='ocrx_word' id='word_1_3' title='bbox 1483 489 1584 540; x_wconf 91' lang='lat' dir='ltr'>DE</span> <span class='ocrx_word' id='word_1_4' title='bbox 1633 488 2011 540; x_wconf 86' lang='lat' dir='ltr'><strong>MAILROS.</strong></span> <span class='ocrx_word' id='word_1_5' title='bbox 2204 492 2336 542; x_wconf 91' lang='lat' dir='ltr'>A.D.</span> <span class='ocrx_word' id='word_1_6' title='bbox 2361 497 2474 548; x_wconf 84' lang='lat'><strong>871.</strong></span> 
     </span>
    </p>
   </div>
   <div class='ocr_carea' id='block_1_2' title="bbox 553 623 2479 2800">
    <p class='ocr_par' dir='ltr' id='par_1_2' title="bbox 558 623 2479 928">
     <span class='ocr_line' id='line_1_2' title="bbox 561 623 2478 692; baseline -0.001 -14"><span class='ocrx_word' id='word_1_7' title='bbox 561 637 609 678; x_wconf 90' lang='lat' dir='ltr'>et</span> <span class='ocrx_word' id='word_1_8' title='bbox 631 629 802 678; x_wconf 85' lang='lat' dir='ltr'>occidit</span> <span class='ocrx_word' id='word_1_9' title='bbox 825 628 941 692; x_wconf 78' lang='lat' dir='ltr'>iiij⁰=.</span> <span class='ocrx_word' id='word_1_10' title='bbox 972 626 1175 690; x_wconf 66' lang='lat' dir='ltr'>Sydroc‘</span> <span class='ocrx_word' id='word_1_11' title='bbox 1187 627 1427 691; x_wconf 89' lang='lat' dir='ltr'>juvenem,</span> <span class='ocrx_word' id='word_1_12' title='bbox 1454 625 1734 680; x_wconf 71' lang='lat' dir='ltr'>osbernum,</span> <span class='ocrx_word' id='word_1_13' title='bbox 1761 623 2011 681; x_wconf 76' lang='lat' dir='ltr'>Freamm,</span> <span class='ocrx_word' id='word_1_14' title='bbox 2036 623 2318 676; x_wconf 79' lang='lat' dir='ltr'>Haroldum.</span> <span class='ocrx_word' id='word_1_15' title='bbox 2357 627 2478 676; x_wconf 82' lang='lat' dir='ltr'><strong>Item</strong></span> 
     </span>
     <span class='ocr_line' id='line_1_3' title="bbox 559 702 2479 772; baseline -0.001 -16"><span class='ocrx_word' id='word_1_16' title='bbox 559 707 661 772; x_wconf 88' lang='lat' dir='ltr'>post</span> <span class='ocrx_word' id='word_1_17' title='bbox 683 707 782 755; x_wconf 90' lang='lat' dir='ltr'>dies</span> <span class='ocrx_word' id='word_1_18' title='bbox 805 722 980 771; x_wconf 88' lang='lat' dir='ltr'>paucos</span> <span class='ocrx_word' id='word_1_19' title='bbox 1004 704 1229 770; x_wconf 84' lang='lat' dir='ltr'>congreffi</span> <span class='ocrx_word' id='word_1_20' title='bbox 1251 705 1356 752; x_wconf 89' lang='lat' dir='ltr'>sunt</span> <span class='ocrx_word' id='word_1_21' title='bbox 1379 703 1506 768; x_wconf 86' lang='lat' dir='ltr'>apud</span> <span class='ocrx_word' id='word_1_22' title='bbox 1526 702 1812 769; x_wconf 71' lang='lat' dir='ltr'>Bafingumss</span> <span class='ocrx_word' id='word_1_23' title='bbox 1826 711 1874 751; x_wconf 90' lang='lat' dir='ltr'>et</span> <span class='ocrx_word' id='word_1_24' title='bbox 1893 703 2018 752; x_wconf 84' lang='lat' dir='ltr'>Daci</span> <span class='ocrx_word' id='word_1_25' title='bbox 2033 705 2260 760; x_wconf 84' lang='lat' dir='ltr'>vicerunt,</span> <span class='ocrx_word' id='word_1_26' title='bbox 2282 705 2364 754; x_wconf 86' lang='lat' dir='ltr'>ubi</span> <span class='ocrx_word' id='word_1_27' title='bbox 2379 722 2479 754; x_wconf 89' lang='lat' dir='ltr'>cor-</span> 
     </span>
     <span class='ocr_line' id='line_1_4' title="bbox 558 781 2478 848; baseline -0.001 -14"><span class='ocrx_word' id='word_1_28' title='bbox 558 787 648 834; x_wconf 88' lang='lat' dir='ltr'><strong>ruit</strong></span> <span class='ocrx_word' id='word_1_29' title='bbox 689 782 1041 834; x_wconf 73' lang='lat' dir='ltr'>Alchmundus¹¹</span> <span class='ocrx_word' id='word_1_30' title='bbox 1080 783 1339 848; x_wconf 85' lang='lat' dir='ltr'>episcopus.</span> <span class='ocrx_word' id='word_1_31' title='bbox 1413 781 1534 831; x_wconf 86' lang='lat' dir='ltr'><strong>Item</strong></span> <span class='ocrx_word' id='word_1_32' title='bbox 1579 782 1796 847; x_wconf 88' lang='lat' dir='ltr'>proelium</span> <span class='ocrx_word' id='word_1_33' title='bbox 1835 781 2102 832; x_wconf 86' lang='lat' dir='ltr'>habuerunt</span> <span class='ocrx_word' id='word_1_34' title='bbox 2139 783 2265 847; x_wconf 89' lang='lat' dir='ltr'>apud</span> <span class='ocrx_word' id='word_1_35' title='bbox 2305 782 2478 832; x_wconf 88' lang='lat' dir='ltr'>Redin-</span> 
     </span>
     <span class='ocr_line' id='line_1_5' title="bbox 558 880 686 928; baseline 0 -17"><span class='ocrx_word' id='word_1_36' title='bbox 558 880 686 928; x_wconf 89' lang='lat' dir='ltr'>gum.</span> 
     </span>
    </p>

    <p class='ocr_par' dir='ltr' id='par_1_3' title="bbox 556 940 2479 1401">
     <span class='ocr_line' id='line_1_6' title="bbox 626 940 2478 998; baseline 0 -8"><span class='ocrx_word' id='word_1_37' title='bbox 626 942 734 990; x_wconf 92' lang='lat' dir='ltr'>Post</span> <span class='ocrx_word' id='word_1_38' title='bbox 757 942 858 990; x_wconf 91' lang='lat' dir='ltr'>haec</span> <span class='ocrx_word' id='word_1_39' title='bbox 881 941 996 990; x_wconf 90' lang='lat' dir='ltr'>obiit</span> <span class='ocrx_word' id='word_1_40' title='bbox 1019 958 1100 990; x_wconf 88' lang='lat' dir='ltr'>rex</span> <span class='ocrx_word' id='word_1_41' title='bbox 1125 940 1407 996; x_wconf 55' lang='lat' dir='ltr'>Ebelreduffi</span> <span class='ocrx_word' id='word_1_42' title='bbox 1433 941 1508 989; x_wconf 89' lang='lat' dir='ltr'>cui</span> <span class='ocrx_word' id='word_1_43' title='bbox 1548 940 1757 989; x_wconf 86' lang='lat' dir='ltr'>succeffit</span> <span class='ocrx_word' id='word_1_44' title='bbox 1780 941 1925 989; x_wconf 88' lang='lat' dir='ltr'>frater</span> <span class='ocrx_word' id='word_1_45' title='bbox 1955 957 2068 990; x_wconf 89' lang='lat' dir='ltr'>suus</span> <span class='ocrx_word' id='word_1_46' title='bbox 2095 940 2378 998; x_wconf 86' lang='lat' dir='ltr'>Alueredus,</span> <span class='ocrx_word' id='word_1_47' title='bbox 2402 943 2478 991; x_wconf 88' lang='lat' dir='ltr'>cui</span> 
     </span>
     <span class='ocr_line' id='line_1_7' title="bbox 557 1018 2479 1086; baseline 0 -18"><span class='ocrx_word' id='word_1_48' title='bbox 557 1037 671 1068; x_wconf 86' lang='lat' dir='ltr'>uxor</span> <span class='ocrx_word' id='word_1_49' title='bbox 699 1021 781 1068; x_wconf 88' lang='lat' dir='ltr'>sua</span> <span class='ocrx_word' id='word_1_50' title='bbox 806 1019 1026 1069; x_wconf 88' lang='lat' dir='ltr'>Elswitha</span> <span class='ocrx_word' id='word_1_51' title='bbox 1053 1020 1171 1068; x_wconf 88' lang='lat' dir='ltr'>duos</span> <span class='ocrx_word' id='word_1_52' title='bbox 1198 1019 1317 1069; x_wconf 86' lang='lat' dir='ltr'>filios</span> <span class='ocrx_word' id='word_1_53' title='bbox 1347 1018 1632 1067; x_wconf 87' lang='lat' dir='ltr'>Edwardum</span> <span class='ocrx_word' id='word_1_54' title='bbox 1661 1027 1708 1068; x_wconf 89' lang='lat' dir='ltr'>et</span> <span class='ocrx_word' id='word_1_55' title='bbox 1726 1019 2062 1085; x_wconf 86' lang='lat' dir='ltr'>Agelwardum</span> <span class='ocrx_word' id='word_1_56' title='bbox 2090 1021 2271 1086; x_wconf 88' lang='lat' dir='ltr'>genuit,</span> <span class='ocrx_word' id='word_1_57' title='bbox 2302 1030 2349 1070; x_wconf 89' lang='lat' dir='ltr'>et</span> <span class='ocrx_word' id='word_1_58' title='bbox 2385 1029 2479 1069; x_wconf 88' lang='lat' dir='ltr'>tres</span> 
     </span>
     <span class='ocr_line' id='line_1_8' title="bbox 556 1098 2478 1165; baseline 0.001 -18"><span class='ocrx_word' id='word_1_59' title='bbox 556 1100 673 1147; x_wconf 86' lang='lat' dir='ltr'>filias</span> <span class='ocrx_word' id='word_1_60' title='bbox 698 1098 950 1155; x_wconf 53' lang='lat' dir='ltr'>Elflessam,</span> <span class='ocrx_word' id='word_1_61' title='bbox 976 1098 1266 1165; x_wconf 68' lang='lat' dir='ltr'>E’6elgiuam</span> <span class='ocrx_word' id='word_1_62' title='bbox 1301 1107 1347 1147; x_wconf 90' lang='lat' dir='ltr'>et</span> <span class='ocrx_word' id='word_1_63' title='bbox 1381 1098 1691 1147; x_wconf 68' lang='lat' dir='ltr'>Elffiritham.</span> <span class='ocrx_word' id='word_1_64' title='bbox 1763 1098 1968 1164; x_wconf 88' lang='lat' dir='ltr'>Expleto</span> <span class='ocrx_word' id='word_1_65' title='bbox 1996 1106 2156 1148; x_wconf 86' lang='lat' dir='ltr'>autem</span> <span class='ocrx_word' id='word_1_66' title='bbox 2179 1100 2337 1148; x_wconf 88' lang='lat' dir='ltr'>mense</span> <span class='ocrx_word' id='word_1_67' title='bbox 2361 1115 2478 1164; x_wconf 87' lang='lat' dir='ltr'>pug-</span> 
     </span>
     <span class='ocr_line' id='line_1_9' title="bbox 556 1177 2478 1243; baseline 0 -17"><span class='ocrx_word' id='word_1_68' title='bbox 556 1179 684 1226; x_wconf 89' lang='lat' dir='ltr'>navit</span> <span class='ocrx_word' id='word_1_69' title='bbox 699 1186 861 1226; x_wconf 89' lang='lat' dir='ltr'>contra</span> <span class='ocrx_word' id='word_1_70' title='bbox 879 1194 1092 1243; x_wconf 87' lang='lat' dir='ltr'>paganos</span> <span class='ocrx_word' id='word_1_71' title='bbox 1116 1178 1242 1243; x_wconf 89' lang='lat' dir='ltr'>apud</span> <span class='ocrx_word' id='word_1_72' title='bbox 1269 1177 1549 1233; x_wconf 89' lang='lat' dir='ltr'>Wiltonam‚</span> <span class='ocrx_word' id='word_1_73' title='bbox 1573 1177 1653 1226; x_wconf 91' lang='lat' dir='ltr'>sed</span> <span class='ocrx_word' id='word_1_74' title='bbox 1673 1177 1799 1226; x_wconf 89' lang='lat' dir='ltr'>Daci</span> <span class='ocrx_word' id='word_1_75' title='bbox 1816 1178 2028 1226; x_wconf 88' lang='lat' dir='ltr'>vicerunt</span> <span class='ocrx_word' id='word_1_76' title='bbox 2051 1178 2164 1243; x_wconf 89' lang='lat' dir='ltr'>quia</span> <span class='ocrx_word' id='word_1_77' title='bbox 2186 1178 2321 1227; x_wconf 89' lang='lat' dir='ltr'>multi</span> <span class='ocrx_word' id='word_1_78' title='bbox 2345 1187 2478 1227; x_wconf 91' lang='lat' dir='ltr'>erant</span> 
     </span>
     <span class='ocr_line' id='line_1_10' title="bbox 559 1256 2477 1322; baseline 0 -17"><span class='ocrx_word' id='word_1_79' title='bbox 559 1266 606 1305; x_wconf 86' lang='lat' dir='ltr'>et</span> <span class='ocrx_word' id='word_1_80' title='bbox 633 1257 777 1322; x_wconf 88' lang='lat' dir='ltr'>Angli</span> <span class='ocrx_word' id='word_1_81' title='bbox 800 1258 955 1321; x_wconf 89' lang='lat' dir='ltr'>pauci,</span> <span class='ocrx_word' id='word_1_82' title='bbox 980 1265 1112 1305; x_wconf 89' lang='lat' dir='ltr'>erant</span> <span class='ocrx_word' id='word_1_83' title='bbox 1136 1257 1261 1305; x_wconf 91' lang='lat' dir='ltr'>enim</span> <span class='ocrx_word' id='word_1_84' title='bbox 1284 1257 1442 1305; x_wconf 82' lang='lat' dir='ltr'>multis</span> <span class='ocrx_word' id='word_1_85' title='bbox 1466 1256 1641 1321; x_wconf 86' lang='lat' dir='ltr'>proeliis</span> <span class='ocrx_word' id='word_1_86' title='bbox 1664 1257 1836 1312; x_wconf 85' lang='lat' dir='ltr'>vexati,</span> <span class='ocrx_word' id='word_1_87' title='bbox 1861 1257 1908 1305; x_wconf 91' lang='lat' dir='ltr'>in</span> <span class='ocrx_word' id='word_1_88' title='bbox 1932 1256 2103 1322; x_wconf 85' lang='lat' dir='ltr'>quibus</span> <span class='ocrx_word' id='word_1_89' title='bbox 2127 1257 2396 1307; x_wconf 87' lang='lat' dir='ltr'>ceciderunt</span> <span class='ocrx_word' id='word_1_90' title='bbox 2421 1274 2477 1305; x_wconf 87' lang='lat' dir='ltr'>ex</span> 
     </span>
     <span class='ocr_line' id='line_1_11' title="bbox 556 1335 1515 1401; baseline -0.001 -17"><span class='ocrx_word' id='word_1_91' title='bbox 556 1336 754 1401; x_wconf 86' lang='lat' dir='ltr'>paganis</span> <span class='ocrx_word' id='word_1_92' title='bbox 778 1352 858 1384; x_wconf 87' lang='lat' dir='ltr'>rex</span> <span class='ocrx_word' id='word_1_93' title='bbox 882 1352 1002 1384; x_wconf 90' lang='lat' dir='ltr'>unus</span> <span class='ocrx_word' id='word_1_94' title='bbox 1025 1343 1073 1384; x_wconf 92' lang='lat' dir='ltr'>et</span> <span class='ocrx_word' id='word_1_95' title='bbox 1096 1352 1266 1385; x_wconf 90' lang='lat' dir='ltr'>novem</span> <span class='ocrx_word' id='word_1_96' title='bbox 1290 1335 1515 1384; x_wconf 82' lang='lat' dir='ltr'>comites.i</span> 
     </span>
    </p>

    <p class='ocr_par' dir='ltr' id='par_1_4' title="bbox 553 1414 2478 1714">
     <span class='ocr_line' id='line_1_12' title="bbox 624 1414 2478 1479; baseline 0 -17"><span class='ocrx_word' id='word_1_97' title='bbox 624 1415 765 1462; x_wconf 89' lang='lat' dir='ltr'>Anno</span> <span class='ocrx_word' id='word_1_98' title='bbox 790 1414 1050 1479; x_wconf 84' lang='lat' dir='ltr'>Dccc.lxxij.</span> <span class='ocrx_word' id='word_1_99' title='bbox 1080 1414 1347 1463; x_wconf 85' lang='lat' dir='ltr'>Alchwinus</span> <span class='ocrx_word' id='word_1_100' title='bbox 1370 1414 1651 1462; x_wconf 88' lang='lat' dir='ltr'>Wictiorum</span> <span class='ocrx_word' id='word_1_101' title='bbox 1669 1415 1913 1479; x_wconf 86' lang='lat' dir='ltr'>episcopus</span> <span class='ocrx_word' id='word_1_102' title='bbox 1932 1414 2063 1470; x_wconf 87' lang='lat' dir='ltr'>obiit,</span> <span class='ocrx_word' id='word_1_103' title='bbox 2083 1416 2159 1463; x_wconf 90' lang='lat' dir='ltr'>cui</span> <span class='ocrx_word' id='word_1_104' title='bbox 2181 1415 2388 1464; x_wconf 85' lang='lat' dir='ltr'>succeffit</span> <span class='ocrx_word' id='word_1_105' title='bbox 2412 1417 2478 1463; x_wconf 86' lang='lat' dir='ltr'>vir</span> 
     </span>
     <span class='ocr_line' id='line_1_13' title="bbox 556 1492 2477 1558; baseline 0.001 -17"><span class='ocrx_word' id='word_1_106' title='bbox 556 1493 836 1542; x_wconf 85' lang='lat' dir='ltr'>doctissimus</span> <span class='ocrx_word' id='word_1_107' title='bbox 859 1493 1185 1548; x_wconf 77' lang='lat' dir='ltr'>Werefridus,j</span> <span class='ocrx_word' id='word_1_108' title='bbox 1224 1493 1467 1542; x_wconf 87' lang='lat' dir='ltr'>ordinatus</span> <span class='ocrx_word' id='word_1_109' title='bbox 1487 1493 1547 1541; x_wconf 94' lang='lat' dir='ltr'>ab</span> <span class='ocrx_word' id='word_1_110' title='bbox 1582 1492 1794 1541; x_wconf 88' lang='lat' dir='ltr'>Ethredo</span> <span class='ocrx_word' id='word_1_111' title='bbox 1817 1492 2146 1542; x_wconf 87' lang='lat' dir='ltr'>Cantuarienfi</span> <span class='ocrx_word' id='word_1_112' title='bbox 2171 1493 2477 1558; x_wconf 87' lang='lat' dir='ltr'>archiepisco·</span> 
     </span>
     <span class='ocr_line' id='line_1_14' title="bbox 553 1571 2476 1637; baseline 0 -18"><span class='ocrx_word' id='word_1_113' title='bbox 553 1588 638 1636; x_wconf 90' lang='lat' dir='ltr'>po:</span> <span class='ocrx_word' id='word_1_114' title='bbox 674 1573 754 1637; x_wconf 93' lang='lat' dir='ltr'>qui</span> <span class='ocrx_word' id='word_1_115' title='bbox 773 1572 897 1637; x_wconf 82' lang='lat' dir='ltr'>juffu</span> <span class='ocrx_word' id='word_1_116' title='bbox 921 1573 1044 1637; x_wconf 87' lang='lat' dir='ltr'>regis</span> <span class='ocrx_word' id='word_1_117' title='bbox 1070 1571 1295 1620; x_wconf 90' lang='lat' dir='ltr'>Alueredi</span> <span class='ocrx_word' id='word_1_118' title='bbox 1319 1571 1461 1619; x_wconf 87' lang='lat' dir='ltr'>libros</span> <span class='ocrx_word' id='word_1_119' title='bbox 1487 1571 1804 1636; x_wconf 88' lang='lat' dir='ltr'>Dialogorum</span> <span class='ocrx_word' id='word_1_120' title='bbox 1828 1571 1956 1620; x_wconf 90' lang='lat' dir='ltr'>beati</span> <span class='ocrx_word' id='word_1_121' title='bbox 1997 1572 2218 1637; x_wconf 85' lang='lat' dir='ltr'>Gregorii</span> <span class='ocrx_word' id='word_1_122' title='bbox 2243 1572 2301 1620; x_wconf 91' lang='lat' dir='ltr'>de</span> <span class='ocrx_word' id='word_1_123' title='bbox 2325 1572 2476 1619; x_wconf 91' lang='lat' dir='ltr'>latini-</span> 
     </span>
     <span class='ocr_line' id='line_1_15' title="bbox 553 1650 1535 1714; baseline 0 -18"><span class='ocrx_word' id='word_1_124' title='bbox 553 1658 651 1699; x_wconf 82' lang='lat' dir='ltr'><strong>tate</strong></span> <span class='ocrx_word' id='word_1_125' title='bbox 674 1650 903 1698; x_wconf 87' lang='lat' dir='ltr'>transtulit</span> <span class='ocrx_word' id='word_1_126' title='bbox 926 1651 972 1698; x_wconf 91' lang='lat' dir='ltr'>in</span> <span class='ocrx_word' id='word_1_127' title='bbox 996 1651 1206 1714; x_wconf 86' lang='lat' dir='ltr'>linguam</span> <span class='ocrx_word' id='word_1_128' title='bbox 1236 1650 1535 1697; x_wconf 87' lang='lat' dir='ltr'>Saxonicam.</span> 
     </span>
    </p>

    <p class='ocr_par' dir='ltr' id='par_1_5' title="bbox 553 1726 2477 1872">
     <span class='ocr_line' id='line_1_16' title="bbox 619 1726 2477 1793; baseline 0.001 -18"><span class='ocrx_word' id='word_1_129' title='bbox 619 1728 692 1776; x_wconf 89' lang='lat' dir='ltr'>Ea</span> <span class='ocrx_word' id='word_1_130' title='bbox 716 1728 992 1793; x_wconf 87' lang='lat' dir='ltr'>tempestate</span> <span class='ocrx_word' id='word_1_131' title='bbox 1017 1727 1306 1776; x_wconf 89' lang='lat' dir='ltr'>Norhumbri</span> <span class='ocrx_word' id='word_1_132' title='bbox 1330 1743 1493 1793; x_wconf 84' lang='lat' dir='ltr'>regem</span> <span class='ocrx_word' id='word_1_133' title='bbox 1513 1728 1645 1775; x_wconf 89' lang='lat' dir='ltr'>suum</span> <span class='ocrx_word' id='word_1_134' title='bbox 1666 1726 1931 1793; x_wconf 86' lang='lat' dir='ltr'>Egbertum</span> <span class='ocrx_word' id='word_1_135' title='bbox 1957 1736 2003 1776; x_wconf 89' lang='lat' dir='ltr'>et</span> <span class='ocrx_word' id='word_1_136' title='bbox 2027 1728 2208 1778; x_wconf 88' lang='lat' dir='ltr'>Wlfere</span> <span class='ocrx_word' id='word_1_137' title='bbox 2233 1729 2477 1792; x_wconf 85' lang='lat' dir='ltr'>archiepis-</span> 
     </span>
     <span class='ocr_line' id='line_1_17' title="bbox 553 1807 1040 1872; baseline -0.002 -17"><span class='ocrx_word' id='word_1_138' title='bbox 553 1823 723 1872; x_wconf 89' lang='lat' dir='ltr'>copum</span> <span class='ocrx_word' id='word_1_139' title='bbox 747 1807 1040 1872; x_wconf 86' lang='lat' dir='ltr'>expulerunt.</span> 
     </span>
    </p>

    <p class='ocr_par' dir='ltr' id='par_1_6' title="bbox 554 1885 2475 2029">
     <span class='ocr_line' id='line_1_18' title="bbox 621 1885 2475 1951; baseline 0 -18"><span class='ocrx_word' id='word_1_140' title='bbox 621 1887 922 1951; x_wconf 84' lang='lat' dir='ltr'>Paganorum</span> <span class='ocrx_word' id='word_1_141' title='bbox 947 1887 1176 1934; x_wconf 84' lang='lat' dir='ltr'>exercitus</span> <span class='ocrx_word' id='word_1_142' title='bbox 1201 1903 1229 1933; x_wconf 87' lang='lat' dir='ltr'>a</span> <span class='ocrx_word' id='word_1_143' title='bbox 1255 1885 1474 1950; x_wconf 86' lang='lat' dir='ltr'>Redingo</span> <span class='ocrx_word' id='word_1_144' title='bbox 1503 1885 1778 1933; x_wconf 85' lang='lat' dir='ltr'>Lundonias</span> <span class='ocrx_word' id='word_1_145' title='bbox 1815 1885 1929 1934; x_wconf 85' lang='lat' dir='ltr'>adiit</span> <span class='ocrx_word' id='word_1_146' title='bbox 1953 1894 1999 1933; x_wconf 90' lang='lat' dir='ltr'>et</span> <span class='ocrx_word' id='word_1_147' title='bbox 2025 1886 2198 1934; x_wconf 86' lang='lat' dir='ltr'>ibidem</span> <span class='ocrx_word' id='word_1_148' title='bbox 2223 1886 2475 1949; x_wconf 72' lang='lat' dir='ltr'>hyemavit,</span> 
     </span>
     <span class='ocr_line' id='line_1_19' title="bbox 554 1964 1854 2029; baseline -0.001 -17"><span class='ocrx_word' id='word_1_149' title='bbox 554 1981 660 2012; x_wconf 89' lang='lat' dir='ltr'>cum</span> <span class='ocrx_word' id='word_1_150' title='bbox 685 1981 779 2028; x_wconf 92' lang='lat' dir='ltr'>quo</span> <span class='ocrx_word' id='word_1_151' title='bbox 806 1964 1074 2012; x_wconf 87' lang='lat' dir='ltr'>Mercenses</span> <span class='ocrx_word' id='word_1_152' title='bbox 1097 1980 1265 2028; x_wconf 88' lang='lat' dir='ltr'>pacem</span> <span class='ocrx_word' id='word_1_153' title='bbox 1288 1965 1584 2029; x_wconf 88' lang='lat' dir='ltr'>pepigerunt.</span> <span class='ocrx_word' id='word_1_154' title='bbox 1850 1971 1854 1974; x_wconf 81' lang='grc'><strong>’</strong></span> 
     </span>
    </p>

    <p class='ocr_par' dir='ltr' id='par_1_7' title="bbox 554 2043 2475 2186">
     <span class='ocr_line' id='line_1_20' title="bbox 622 2043 2475 2109; baseline 0 -18"><span class='ocrx_word' id='word_1_155' title='bbox 622 2044 764 2091; x_wconf 89' lang='lat' dir='ltr'>Anno</span> <span class='ocrx_word' id='word_1_156' title='bbox 789 2043 1067 2107; x_wconf 84' lang='lat' dir='ltr'>Dccc.lxxiij.</span> <span class='ocrx_word' id='word_1_157' title='bbox 1093 2050 1378 2091; x_wconf 87' lang='lat' dir='ltr'>memoratus</span> <span class='ocrx_word' id='word_1_158' title='bbox 1402 2058 1696 2108; x_wconf 86' lang='lat' dir='ltr'>paganorum</span> <span class='ocrx_word' id='word_1_159' title='bbox 1734 2044 1964 2092; x_wconf 87' lang='lat' dir='ltr'>exercitus</span> <span class='ocrx_word' id='word_1_160' title='bbox 1988 2060 2095 2091; x_wconf 91' lang='lat' dir='ltr'>cum</span> <span class='ocrx_word' id='word_1_161' title='bbox 2119 2060 2231 2109; x_wconf 86' lang='lat' dir='ltr'>rege</span> <span class='ocrx_word' id='word_1_162' title='bbox 2258 2043 2475 2092; x_wconf 90' lang='lat' dir='ltr'>Haldene</span> 
     </span>
     <span class='ocr_line' id='line_1_21' title="bbox 554 2120 1699 2186; baseline 0 -17"><span class='ocrx_word' id='word_1_163' title='bbox 554 2122 889 2185; x_wconf 72' lang='lat' dir='ltr'>hyemaverunt</span> <span class='ocrx_word' id='word_1_164' title='bbox 911 2121 958 2168; x_wconf 92' lang='lat' dir='ltr'>in</span> <span class='ocrx_word' id='word_1_165' title='bbox 986 2120 1176 2169; x_wconf 87' lang='lat' dir='ltr'>Lindiffi</span> <span class='ocrx_word' id='word_1_166' title='bbox 1201 2121 1327 2186; x_wconf 89' lang='lat' dir='ltr'>apud</span> <span class='ocrx_word' id='word_1_167' title='bbox 1353 2121 1699 2170; x_wconf 75' lang='lat' dir='ltr'>Torkeseiam.¹¹</span> 
     </span>
    </p>

    <p class='ocr_par' dir='ltr' id='par_1_8' title="bbox 556 2199 2474 2344">
     <span class='ocr_line' id='line_1_22' title="bbox 621 2199 2474 2266; baseline 0 -18"><span class='ocrx_word' id='word_1_168' title='bbox 621 2199 859 2266; x_wconf 85' lang='lat' dir='ltr'>Egbertus</span> <span class='ocrx_word' id='word_1_169' title='bbox 886 2217 967 2249; x_wconf 87' lang='lat' dir='ltr'>rex</span> <span class='ocrx_word' id='word_1_170' title='bbox 990 2199 1398 2248; x_wconf 91' lang='lat' dir='ltr'>Norhumbrorum</span> <span class='ocrx_word' id='word_1_171' title='bbox 1426 2199 1542 2248; x_wconf 92' lang='lat' dir='ltr'>obiit</span> <span class='ocrx_word' id='word_1_172' title='bbox 1570 2209 1618 2249; x_wconf 93' lang='lat' dir='ltr'>et</span> <span class='ocrx_word' id='word_1_173' title='bbox 1644 2199 1795 2249; x_wconf 89' lang='lat' dir='ltr'>Ricfic</span> <span class='ocrx_word' id='word_1_174' title='bbox 1822 2201 1976 2250; x_wconf 86' lang='lat' dir='ltr'>factus</span> <span class='ocrx_word' id='word_1_175' title='bbox 2001 2201 2067 2250; x_wconf 88' lang='lat' dir='ltr'>est</span> <span class='ocrx_word' id='word_1_176' title='bbox 2096 2218 2192 2256; x_wconf 87' lang='lat' dir='ltr'>rex,</span> <span class='ocrx_word' id='word_1_177' title='bbox 2217 2209 2265 2249; x_wconf 87' lang='lat' dir='ltr'>et</span> <span class='ocrx_word' id='word_1_178' title='bbox 2292 2201 2474 2249; x_wconf 88' lang='lat' dir='ltr'>Wlfere</span> 
     </span>
     <span class='ocr_line' id='line_1_23' title="bbox 556 2279 1675 2344; baseline 0.001 -18"><span class='ocrx_word' id='word_1_179' title='bbox 556 2279 927 2344; x_wconf 85' lang='lat' dir='ltr'>archiepiscopus</span> <span class='ocrx_word' id='word_1_180' title='bbox 950 2280 997 2326; x_wconf 88' lang='lat' dir='ltr'>in</span> <span class='ocrx_word' id='word_1_181' title='bbox 1021 2279 1177 2328; x_wconf 90' lang='lat' dir='ltr'>sedem</span> <span class='ocrx_word' id='word_1_182' title='bbox 1200 2280 1330 2327; x_wconf 88' lang='lat' dir='ltr'>suam</span> <span class='ocrx_word' id='word_1_183' title='bbox 1354 2287 1571 2344; x_wconf 87' lang='lat' dir='ltr'>receptus</span> <span class='ocrx_word' id='word_1_184' title='bbox 1595 2279 1675 2329; x_wconf 89' lang='lat' dir='ltr'>est.</span> 
     </span>
    </p>

    <p class='ocr_par' dir='ltr' id='par_1_9' title="bbox 553 2358 2475 2800">
     <span class='ocr_line' id='line_1_24' title="bbox 623 2358 2474 2423; baseline 0.001 -18"><span class='ocrx_word' id='word_1_185' title='bbox 623 2358 764 2406; x_wconf 91' lang='lat' dir='ltr'>Anno</span> <span class='ocrx_word' id='word_1_186' title='bbox 789 2358 1086 2423; x_wconf 84' lang='lat' dir='ltr'>nccc.lxxiiij.</span> <span class='ocrx_word' id='word_1_187' title='bbox 1116 2358 1301 2407; x_wconf 91' lang='lat' dir='ltr'>Aldene</span> <span class='ocrx_word' id='word_1_188' title='bbox 1320 2374 1428 2407; x_wconf 89' lang='lat' dir='ltr'>cum</span> <span class='ocrx_word' id='word_1_189' title='bbox 1453 2359 1659 2407; x_wconf 87' lang='lat' dir='ltr'>exercitu</span> <span class='ocrx_word' id='word_1_190' title='bbox 1683 2359 1765 2407; x_wconf 86' lang='lat' dir='ltr'>suo</span> <span class='ocrx_word' id='word_1_191' title='bbox 1788 2375 1982 2407; x_wconf 88' lang='lat' dir='ltr'>movens</span> <span class='ocrx_word' id='word_1_192' title='bbox 2005 2359 2064 2407; x_wconf 92' lang='lat' dir='ltr'>de</span> <span class='ocrx_word' id='word_1_193' title='bbox 2084 2358 2290 2415; x_wconf 89' lang='lat' dir='ltr'>Lindiffi,</span> <span class='ocrx_word' id='word_1_194' title='bbox 2310 2360 2357 2407; x_wconf 88' lang='lat' dir='ltr'>in</span> <span class='ocrx_word' id='word_1_195' title='bbox 2385 2359 2474 2407; x_wconf 91' lang='lat' dir='ltr'>Re-</span> 
     </span>
     <span class='ocr_line' id='line_1_25' title="bbox 554 2437 2474 2503; baseline 0.001 -19"><span class='ocrx_word' id='word_1_196' title='bbox 554 2437 731 2501; x_wconf 89' lang='lat' dir='ltr'>pedun¹</span> <span class='ocrx_word' id='word_1_197' title='bbox 754 2437 1007 2501; x_wconf 69' lang='lat' dir='ltr'>hyemavit,</span> <span class='ocrx_word' id='word_1_198' title='bbox 1027 2437 1107 2485; x_wconf 91' lang='lat' dir='ltr'>ubi</span> <span class='ocrx_word' id='word_1_199' title='bbox 1133 2438 1409 2503; x_wconf 85' lang='lat' dir='ltr'>congregati</span> <span class='ocrx_word' id='word_1_200' title='bbox 1433 2438 1614 2485; x_wconf 87' lang='lat' dir='ltr'>suntad</span> <span class='ocrx_word' id='word_1_201' title='bbox 1632 2454 1740 2486; x_wconf 88' lang='lat' dir='ltr'>eum</span> <span class='ocrx_word' id='word_1_202' title='bbox 1755 2445 1849 2486; x_wconf 88' lang='lat' dir='ltr'>tres</span> <span class='ocrx_word' id='word_1_203' title='bbox 1873 2438 1951 2486; x_wconf 91' lang='lat' dir='ltr'>alii</span> <span class='ocrx_word' id='word_1_204' title='bbox 1967 2455 2119 2503; x_wconf 88' lang='lat' dir='ltr'>reges,</span> <span class='ocrx_word' id='word_1_205' title='bbox 2143 2438 2317 2487; x_wconf 90' lang='lat' dir='ltr'>scilicet</span> <span class='ocrx_word' id='word_1_206' title='bbox 2344 2438 2474 2486; x_wconf 90' lang='lat' dir='ltr'>God-</span> 
     </span>
     <span class='ocr_line' id='line_1_26' title="bbox 554 2514 2475 2582; baseline 0.002 -20"><span class='ocrx_word' id='word_1_207' title='bbox 554 2530 656 2570; x_wconf 88' lang='lat' dir='ltr'>run,</span> <span class='ocrx_word' id='word_1_208' title='bbox 684 2514 928 2571; x_wconf 65' lang='lat' dir='ltr'>Osszetin,¹¹¹</span> <span class='ocrx_word' id='word_1_209' title='bbox 971 2523 1018 2564; x_wconf 87' lang='lat' dir='ltr'>et</span> <span class='ocrx_word' id='word_1_210' title='bbox 1045 2514 1274 2571; x_wconf 90' lang='lat' dir='ltr'>Andwen,</span> <span class='ocrx_word' id='word_1_211' title='bbox 1311 2524 1359 2565; x_wconf 93' lang='lat' dir='ltr'>et</span> <span class='ocrx_word' id='word_1_212' title='bbox 1393 2517 1672 2582; x_wconf 87' lang='lat' dir='ltr'>expulerunt</span> <span class='ocrx_word' id='word_1_213' title='bbox 1705 2516 2002 2566; x_wconf 91' lang='lat' dir='ltr'>Burhredum</span> <span class='ocrx_word' id='word_1_214' title='bbox 2034 2533 2198 2582; x_wconf 86' lang='lat' dir='ltr'>regem</span> <span class='ocrx_word' id='word_1_215' title='bbox 2234 2517 2292 2565; x_wconf 90' lang='lat' dir='ltr'>de</span> <span class='ocrx_word' id='word_1_216' title='bbox 2328 2533 2475 2582; x_wconf 85' lang='lat' dir='ltr'>regno</span> 
     </span>
     <span class='ocr_line' id='line_1_27' title="bbox 556 2593 2474 2661; baseline 0.001 -20"><span class='ocrx_word' id='word_1_217' title='bbox 556 2593 858 2650; x_wconf 87' lang='lat' dir='ltr'>Merciorum,</span> <span class='ocrx_word' id='word_1_218' title='bbox 891 2595 970 2659; x_wconf 90' lang='lat' dir='ltr'>qui</span> <span class='ocrx_word' id='word_1_219' title='bbox 998 2594 1199 2643; x_wconf 85' lang='lat' dir='ltr'>Romam</span> <span class='ocrx_word' id='word_1_220' title='bbox 1214 2611 1416 2661; x_wconf 84' lang='lat' dir='ltr'>pergens</span> <span class='ocrx_word' id='word_1_221' title='bbox 1434 2595 1610 2644; x_wconf 90' lang='lat' dir='ltr'>ibidem</span> <span class='ocrx_word' id='word_1_222' title='bbox 1638 2596 1769 2651; x_wconf 89' lang='lat' dir='ltr'>obiit,</span> <span class='ocrx_word' id='word_1_223' title='bbox 1795 2604 1843 2644; x_wconf 88' lang='lat' dir='ltr'>et</span> <span class='ocrx_word' id='word_1_224' title='bbox 1866 2596 1913 2643; x_wconf 91' lang='lat' dir='ltr'>in</span> <span class='ocrx_word' id='word_1_225' title='bbox 1938 2596 2146 2644; x_wconf 87' lang='lat' dir='ltr'>aecclefia</span> <span class='ocrx_word' id='word_1_226' title='bbox 2169 2596 2344 2644; x_wconf 68' lang='lat' dir='ltr'>sanctae</span> <span class='ocrx_word' id='word_1_227' title='bbox 2370 2595 2474 2643; x_wconf 88' lang='lat' dir='ltr'>Ma-</span> 
     </span>
     <span class='ocr_line' id='line_1_28' title="bbox 553 2673 2474 2739; baseline 0.002 -20"><span class='ocrx_word' id='word_1_228' title='bbox 553 2673 633 2720; x_wconf 84' lang='lat' dir='ltr'>riae</span> <span class='ocrx_word' id='word_1_229' title='bbox 670 2673 875 2737; x_wconf 82' lang='lat' dir='ltr'>sepultus</span> <span class='ocrx_word' id='word_1_230' title='bbox 912 2673 979 2721; x_wconf 90' lang='lat' dir='ltr'>est</span> <span class='ocrx_word' id='word_1_231' title='bbox 1013 2674 1059 2721; x_wconf 93' lang='lat' dir='ltr'>in</span> <span class='ocrx_word' id='word_1_232' title='bbox 1094 2674 1219 2722; x_wconf 88' lang='lat' dir='ltr'>scola</span> <span class='ocrx_word' id='word_1_233' title='bbox 1260 2674 1516 2729; x_wconf 85' lang='lat' dir='ltr'>Saxonum,</span> <span class='ocrx_word' id='word_1_234' title='bbox 1554 2683 1600 2723; x_wconf 90' lang='lat' dir='ltr'>et</span> <span class='ocrx_word' id='word_1_235' title='bbox 1636 2674 2082 2723; x_wconf 85' lang='lat' dir='ltr'>commendaverunt</span> <span class='ocrx_word' id='word_1_236' title='bbox 2120 2675 2243 2722; x_wconf 87' lang='lat' dir='ltr'>Daci</span> <span class='ocrx_word' id='word_1_237' title='bbox 2278 2691 2474 2739; x_wconf 84' lang='lat' dir='ltr'>regnum</span> 
     </span>
     <span class='ocr_line' id='line_1_29' title="bbox 556 2750 1111 2800; baseline 0.002 -2"><span class='ocrx_word' id='word_1_238' title='bbox 556 2750 842 2800; x_wconf 84' lang='lat' dir='ltr'>Merciorum</span> <span class='ocrx_word' id='word_1_239' title='bbox 869 2752 1111 2800; x_wconf 83' lang='lat' dir='ltr'>Ceolwlfo.</span> 
     </span>
    </p>
   </div>
   <div class='ocr_carea' id='block_1_3' title="bbox 554 2895 2482 3265">
    <p class='ocr_par' dir='ltr' id='par_1_10' title="bbox 554 2895 2482 3265">
     <span class='ocr_line' id='line_1_30' title="bbox 554 2895 2475 2943; baseline 0.001 -15"><span class='ocrx_word' id='word_1_240' title='bbox 554 2895 647 2939; x_wconf 89' lang='lat' dir='ltr'>pion,</span> <span class='ocrx_word' id='word_1_241' title='bbox 666 2895 786 2930; x_wconf 86' lang='lat' dir='ltr'>whose</span> <span class='ocrx_word' id='word_1_242' title='bbox 804 2896 923 2930; x_wconf 86' lang='lat' dir='ltr'>valour</span> <span class='ocrx_word' id='word_1_243' title='bbox 940 2907 1012 2931; x_wconf 85' lang='lat' dir='ltr'>was</span> <span class='ocrx_word' id='word_1_244' title='bbox 1029 2897 1187 2931; x_wconf 88' lang='lat' dir='ltr'>believed</span> <span class='ocrx_word' id='word_1_245' title='bbox 1211 2904 1249 2931; x_wconf 91' lang='lat' dir='ltr'>to</span> <span class='ocrx_word' id='word_1_246' title='bbox 1273 2898 1424 2943; x_wconf 86' lang='lat' dir='ltr'>proceed</span> <span class='ocrx_word' id='word_1_247' title='bbox 1442 2898 1529 2932; x_wconf 82' lang='lat' dir='ltr'>from</span> <span class='ocrx_word' id='word_1_248' title='bbox 1555 2899 1796 2943; x_wconf 83' lang='lat' dir='ltr'>supernatural</span> <span class='ocrx_word' id='word_1_249' title='bbox 1820 2899 2002 2933; x_wconf 88' lang='lat' dir='ltr'>influence.</span> <span class='ocrx_word' id='word_1_250' title='bbox 2057 2898 2123 2933; x_wconf 84' lang='lat' dir='ltr'>See</span> <span class='ocrx_word' id='word_1_251' title='bbox 2143 2898 2225 2932; x_wconf 80' lang='lat' dir='ltr'>Ihre</span> <span class='ocrx_word' id='word_1_252' title='bbox 2249 2898 2357 2931; x_wconf 76' lang='lat' dir='ltr'>Gloss.</span> <span class='ocrx_word' id='word_1_253' title='bbox 2377 2898 2475 2930; x_wconf 81' lang='lat' dir='ltr'>Suio-</span> 
     </span>
     <span class='ocr_line' id='line_1_31' title="bbox 563 2950 2482 2994; baseline 0.001 -12"><span class='ocrx_word' id='word_1_254' title='bbox 563 2950 662 2983; x_wconf 81' lang='lat' dir='ltr'>Goth.</span> <span class='ocrx_word' id='word_1_255' title='bbox 682 2950 703 2983; x_wconf 92' lang='lat' dir='ltr'>i.</span> <span class='ocrx_word' id='word_1_256' title='bbox 726 2952 802 2987; x_wconf 78' lang='lat'>172.</span> <span class='ocrx_word' id='word_1_257' title='bbox 948 2951 960 2970; x_wconf 77' lang='lat' dir='ltr'>r</span> <span class='ocrx_word' id='word_1_258' title='bbox 981 2951 1059 2986; x_wconf 87' lang='lat' dir='ltr'>The</span> <span class='ocrx_word' id='word_1_259' title='bbox 1078 2953 1158 2987; x_wconf 73' lang='lat' dir='ltr'>Saae.</span> <span class='ocrx_word' id='word_1_260' title='bbox 1186 2953 1318 2993; x_wconf 68' lang='lat' dir='ltr'>Chron„</span> <span class='ocrx_word' id='word_1_261' title='bbox 1351 2953 1420 2987; x_wconf 85' lang='lat' dir='ltr'>and</span> <span class='ocrx_word' id='word_1_262' title='bbox 1436 2954 1569 2988; x_wconf 83' lang='lat' dir='ltr'>Simeon</span> <span class='ocrx_word' id='word_1_263' title='bbox 1598 2953 1640 2988; x_wconf 86' lang='lat' dir='ltr'>of</span> <span class='ocrx_word' id='word_1_264' title='bbox 1663 2953 1833 2994; x_wconf 78' lang='lat' dir='ltr'>Dmham,</span> <span class='ocrx_word' id='word_1_265' title='bbox 1866 2960 1975 2989; x_wconf 84' lang='lat' dir='ltr'>assert</span> <span class='ocrx_word' id='word_1_266' title='bbox 1991 2953 2069 2989; x_wconf 84' lang='lat' dir='ltr'>that</span> <span class='ocrx_word' id='word_1_267' title='bbox 2091 2960 2163 2987; x_wconf 87' lang='lat' dir='ltr'>two</span> <span class='ocrx_word' id='word_1_268' title='bbox 2181 2951 2222 2987; x_wconf 88' lang='lat' dir='ltr'>of</span> <span class='ocrx_word' id='word_1_269' title='bbox 2243 2951 2304 2986; x_wconf 84' lang='lat' dir='ltr'>the</span> <span class='ocrx_word' id='word_1_270' title='bbox 2321 2962 2423 2985; x_wconf 84' lang='lat' dir='ltr'>name</span> <span class='ocrx_word' id='word_1_271' title='bbox 2440 2953 2482 2985; x_wconf 91' lang='lat' dir='ltr'>of</span> 
     </span>
     <span class='ocr_line' id='line_1_32' title="bbox 559 3003 2474 3054; baseline 0.005 -18"><span class='ocrx_word' id='word_1_272' title='bbox 559 3003 688 3047; x_wconf 88' lang='lat' dir='ltr'>Sydroc</span> <span class='ocrx_word' id='word_1_273' title='bbox 714 3004 772 3038; x_wconf 84' lang='lat' dir='ltr'>fen</span> <span class='ocrx_word' id='word_1_274' title='bbox 797 3006 831 3039; x_wconf 90' lang='lat' dir='ltr'>in</span> <span class='ocrx_word' id='word_1_275' title='bbox 858 3006 919 3040; x_wconf 89' lang='lat' dir='ltr'>the</span> <span class='ocrx_word' id='word_1_276' title='bbox 945 3007 1071 3041; x_wconf 88' lang='lat' dir='ltr'>action.</span> <span class='ocrx_word' id='word_1_277' title='bbox 1133 3008 1214 3042; x_wconf 61' lang='grc' dir='ltr'>δατ.</span> <span class='ocrx_word' id='word_1_278' title='bbox 1236 3009 1356 3042; x_wconf 77' lang='lat' dir='ltr'>Chron.</span> <span class='ocrx_word' id='word_1_279' title='bbox 1384 3020 1419 3054; x_wconf 91' lang='lat' dir='ltr'>p.</span> <span class='ocrx_word' id='word_1_280' title='bbox 1439 3011 1497 3043; x_wconf 84' lang='lat'>81.</span> <span class='ocrx_word' id='word_1_281' title='bbox 1549 3009 1585 3042; x_wconf 85' lang='lat' dir='ltr'>S.</span> <span class='ocrx_word' id='word_1_282' title='bbox 1604 3009 1766 3044; x_wconf 83' lang='lat' dir='ltr'>Dunelm.</span> <span class='ocrx_word' id='word_1_283' title='bbox 1794 3009 1861 3044; x_wconf 90' lang='lat' dir='ltr'>col.</span> <span class='ocrx_word' id='word_1_284' title='bbox 1894 3011 1970 3044; x_wconf 80' lang='lat'><strong>126.</strong></span> <span class='ocrx_word' id='word_1_285' title='bbox 2115 3007 2131 3028; x_wconf 77' lang='lat'><em>⁸</em></span> <span class='ocrx_word' id='word_1_286' title='bbox 2152 3007 2244 3042; x_wconf 83' lang='lat' dir='ltr'>Now</span> <span class='ocrx_word' id='word_1_287' title='bbox 2273 3006 2410 3051; x_wconf 78' lang='lat' dir='ltr'>Basing‚</span> <span class='ocrx_word' id='word_1_288' title='bbox 2440 3007 2474 3040; x_wconf 82' lang='lat' dir='ltr'>in</span> 
     </span>
     <span class='ocr_line' id='line_1_33' title="bbox 559 3057 2473 3109; baseline 0.001 -18"><span class='ocrx_word' id='word_1_289' title='bbox 559 3057 777 3102; x_wconf 87' lang='lat' dir='ltr'>Hampshire.</span> <span class='ocrx_word' id='word_1_290' title='bbox 930 3060 945 3081; x_wconf 84' lang='lat'>¹¹</span> <span class='ocrx_word' id='word_1_291' title='bbox 968 3061 1190 3102; x_wconf 86' lang='lat' dir='ltr'>Heahmund,</span> <span class='ocrx_word' id='word_1_292' title='bbox 1211 3074 1250 3097; x_wconf 88' lang='lat' dir='ltr'>or</span> <span class='ocrx_word' id='word_1_293' title='bbox 1270 3062 1482 3104; x_wconf 89' lang='lat' dir='ltr'>Haehmund,</span> <span class='ocrx_word' id='word_1_294' title='bbox 1503 3063 1685 3109; x_wconf 84' lang='lat' dir='ltr'>according</span> <span class='ocrx_word' id='word_1_295' title='bbox 1700 3070 1738 3099; x_wconf 90' lang='lat' dir='ltr'>to</span> <span class='ocrx_word' id='word_1_296' title='bbox 1754 3064 1816 3098; x_wconf 90' lang='lat' dir='ltr'>the</span> <span class='ocrx_word' id='word_1_297' title='bbox 1834 3065 1914 3099; x_wconf 71' lang='lat' dir='ltr'>Sax.</span> <span class='ocrx_word' id='word_1_298' title='bbox 1935 3065 2053 3099; x_wconf 80' lang='lat' dir='ltr'>Chron.</span> <span class='ocrx_word' id='word_1_299' title='bbox 2201 3061 2209 3080; x_wconf 87' lang='lat'>¹</span> <span class='ocrx_word' id='word_1_300' title='bbox 2233 3060 2300 3095; x_wconf 85' lang='lat' dir='ltr'>See</span> <span class='ocrx_word' id='word_1_301' title='bbox 2317 3060 2353 3094; x_wconf 85' lang='lat' dir='ltr'>S.</span> <span class='ocrx_word' id='word_1_302' title='bbox 2371 3061 2473 3094; x_wconf 81' lang='lat' dir='ltr'>Dun-</span> 
     </span>
     <span class='ocr_line' id='line_1_34' title="bbox 556 3112 2473 3162; baseline 0.001 -16"><span class='ocrx_word' id='word_1_303' title='bbox 556 3112 630 3145; x_wconf 85' lang='lat' dir='ltr'>elm.</span> <span class='ocrx_word' id='word_1_304' title='bbox 650 3123 684 3156; x_wconf 90' lang='lat' dir='ltr'>p.</span> <span class='ocrx_word' id='word_1_305' title='bbox 704 3115 759 3147; x_wconf 88' lang='grc'>95.</span> <span class='ocrx_word' id='word_1_306' title='bbox 779 3114 845 3148; x_wconf 88' lang='lat' dir='ltr'>col.</span> <span class='ocrx_word' id='word_1_307' title='bbox 865 3116 920 3154; x_wconf 89' lang='lat'>79,</span> <span class='ocrx_word' id='word_1_308' title='bbox 944 3117 1021 3149; x_wconf 88' lang='grc'><strong>145.</strong></span> <span class='ocrx_word' id='word_1_309' title='bbox 1166 3116 1177 3142; x_wconf 74' lang='lat'>³</span> <span class='ocrx_word' id='word_1_310' title='bbox 1200 3117 1306 3162; x_wconf 91' lang='lat' dir='ltr'>Upon</span> <span class='ocrx_word' id='word_1_311' title='bbox 1333 3117 1394 3153; x_wconf 90' lang='lat' dir='ltr'>the</span> <span class='ocrx_word' id='word_1_312' title='bbox 1413 3117 1475 3156; x_wconf 84' lang='lat' dir='ltr'>7th</span> <span class='ocrx_word' id='word_1_313' title='bbox 1493 3118 1534 3153; x_wconf 87' lang='lat' dir='ltr'>of</span> <span class='ocrx_word' id='word_1_314' title='bbox 1555 3118 1659 3153; x_wconf 89' lang='lat' dir='ltr'>June.</span> <span class='ocrx_word' id='word_1_315' title='bbox 1687 3120 1723 3153; x_wconf 87' lang='lat' dir='ltr'>S.</span> <span class='ocrx_word' id='word_1_316' title='bbox 1743 3119 1904 3153; x_wconf 86' lang='lat' dir='ltr'>Dunelm.</span> <span class='ocrx_word' id='word_1_317' title='bbox 1923 3118 1989 3152; x_wconf 90' lang='lat' dir='ltr'>col.</span> <span class='ocrx_word' id='word_1_318' title='bbox 2013 3119 2090 3152; x_wconf 87' lang='lat'>145.</span> <span class='ocrx_word' id='word_1_319' title='bbox 2236 3115 2250 3134; x_wconf 72' lang='lat'>¹³</span> <span class='ocrx_word' id='word_1_320' title='bbox 2273 3115 2364 3149; x_wconf 82' lang='lat' dir='ltr'>Now</span> <span class='ocrx_word' id='word_1_321' title='bbox 2384 3115 2473 3149; x_wconf 83' lang='lat' dir='ltr'>Tor-</span> 
     </span>
     <span class='ocr_line' id='line_1_35' title="bbox 557 3165 2471 3218; baseline 0.001 -15"><span class='ocrx_word' id='word_1_322' title='bbox 557 3165 673 3211; x_wconf 81' lang='lat' dir='ltr'>kesey-</span> <span class='ocrx_word' id='word_1_323' title='bbox 817 3167 827 3188; x_wconf 89' lang='lat'>¹</span> <span class='ocrx_word' id='word_1_324' title='bbox 850 3168 940 3202; x_wconf 81' lang='lat' dir='ltr'>Now</span> <span class='ocrx_word' id='word_1_325' title='bbox 959 3170 1111 3215; x_wconf 88' lang='lat' dir='ltr'>Repton,</span> <span class='ocrx_word' id='word_1_326' title='bbox 1142 3171 1177 3205; x_wconf 89' lang='lat' dir='ltr'>in</span> <span class='ocrx_word' id='word_1_327' title='bbox 1196 3171 1418 3217; x_wconf 86' lang='lat' dir='ltr'>Derbyshire.</span> <span class='ocrx_word' id='word_1_328' title='bbox 1565 3171 1590 3187; x_wconf 83' lang='lat'>¹¹¹</span> <span class='ocrx_word' id='word_1_329' title='bbox 1613 3172 1755 3218; x_wconf 82' lang='lat' dir='ltr'>oscytel</span> <span class='ocrx_word' id='word_1_330' title='bbox 1772 3173 1841 3209; x_wconf 88' lang='lat' dir='ltr'>and</span> <span class='ocrx_word' id='word_1_331' title='bbox 1866 3171 2028 3212; x_wconf 76' lang='lat' dir='ltr'>Anwind‚</span> <span class='ocrx_word' id='word_1_332' title='bbox 2061 3172 2141 3206; x_wconf 62' lang='grc' dir='ltr'>δατ.</span> <span class='ocrx_word' id='word_1_333' title='bbox 2168 3170 2287 3205; x_wconf 77' lang='lat' dir='ltr'>Chron.</span> <span class='ocrx_word' id='word_1_334' title='bbox 2306 3180 2362 3204; x_wconf 88' lang='lat' dir='ltr'>an.</span> <span class='ocrx_word' id='word_1_335' title='bbox 2382 3171 2471 3209; x_wconf 87' lang='lat'>875;</span> 
     </span>
     <span class='ocr_line' id='line_1_36' title="bbox 560 3221 1228 3265; baseline 0.006 -10"><span class='ocrx_word' id='word_1_336' title='bbox 560 3221 710 3262; x_wconf 68' lang='grc' dir='ltr'>Λωωιά,</span> <span class='ocrx_word' id='word_1_337' title='bbox 732 3222 767 3256; x_wconf 89' lang='lat' dir='ltr'>S.</span> <span class='ocrx_word' id='word_1_338' title='bbox 786 3223 943 3258; x_wconf 72' lang='lat' dir='ltr'>Dimelm.</span> <span class='ocrx_word' id='word_1_339' title='bbox 964 3224 1028 3259; x_wconf 88' lang='lat' dir='ltr'>col.</span> <span class='ocrx_word' id='word_1_340' title='bbox 1051 3226 1127 3265; x_wconf 88' lang='lat'>145,</span> <span class='ocrx_word' id='word_1_341' title='bbox 1152 3227 1228 3262; x_wconf 81' lang='lat'><strong>127.</strong></span> 
     </span>
    </p>
   </div>
  </div>
 </body>
</html>
