2852 3874
408 476 550 526 .A.D.
589 479 700 533 776.
881 479 1304 530 CHRONICA
1350 479 1451 530 DE
1497 479 1875 530 MAILROS.
2306 492 2336 540 9

479 615 620 665 Anno
646 617 896 683 ncc.lxxvj.
936 618 1206 668 PecthWine
1231 618 1475 684 episcopus
1503 618 1734 667 Candidae
1754 618 1888 667 Casae
1912 619 2130 685 migravit
2154 622 2215 669 ad
2236 622 2334 670 Do-

408 695 618 751 minum,t
641 697 716 745 cui
740 697 947 746 succeffit
972 697 1276 747 Effielbertus.

477 774 619 823 Anno
644 777 910 842 ncc.lxxvij.
951 777 1210 826 Kinewlfus
1233 793 1314 826 rex
1342 776 1701 825 WVestsaxonum
1731 778 1961 843 pugnavit
1985 787 2148 828 contra
2176 779 2332 828 Offam

407 871 568 918 regem
594 855 881 904 Merciorum
905 857 1030 903 circa
1056 854 1343 910 Benetune,¹¹
1362 856 1434 904 set
1458 854 1588 920 (sed)
1615 856 1676 904 ab
1705 873 1762 904 eo
1786 858 1981 922 fugatus
2005 858 2089 906 est.

474 933 762 982 Esselbertus
776 935 857 998 qui
876 933 1135 983 Picthwine
1150 932 1442 989 successerat,
1458 934 1586 998 apud
1609 933 1880 984 Eboracum
1904 938 2202 987 consecratus
2226 939 2331 987 est.'
2411 995 2414 998 ,

474 1011 713 1067 Aldulfus,
743 1012 996 1061 KinulfusW
1032 1019 1079 1060 et
1105 1011 1258 1077 Bega,
1287 1011 1433 1060 duces
1466 1012 1694 1061 Esselredi
1724 1015 1864 1079 regis,
1900 1016 1998 1078 ipso
2032 1018 2330 1082 praecipiente

402 1090 723 1138 fraudulenter
743 1090 881 1139 occifi
906 1091 1010 1138 sunt
1035 1091 1095 1139 ab
1124 1091 1393 1139 Adelbaldo
1419 1099 1466 1139 et
1491 1091 1790 1140 Heardberto
1814 1094 2115 1157 principibus,
2141 1096 2206 1159 iij.
2231 1097 2329 1144 kal-

399 1169 546 1217 endas
574 1169 799 1218 Octobris
839 1170 976 1235 [Sep.
1003 1170 1108 1235 29].

468 1248 625 1313 [Obiit
653 1249 763 1297 Hed
787 1267 868 1298 rex
898 1250 1185 1304 Scottorum,
1212 1251 1286 1298 cui
1312 1250 1519 1298 succeffit
1545 1250 1726 1316 Fergus
1749 1252 1870 1299 filius
1895 1252 2037 1316 ejus].

466 1328 607 1376 Anno
646 1329 928 1394 ncc.lxxviij.
969 1329 1265 1378 Adelbaldus
1310 1337 1357 1377 et
1395 1329 1720 1378 Heardbertus
1758 1330 1903 1379 duces
1944 1331 2170 1380 Effielredi
2204 1334 2326 1397 regis

398 1407 751 1456 Northumbriae
786 1408 1069 1457 rebellantes
1111 1409 1301 1457 domino
1339 1409 1437 1464 suo,
1463 1410 1737 1458 occiderunt
1775 1410 2022 1458 Aldulfum
2046 1411 2191 1459 filium
2230 1412 2325 1460 Bos

396 1488 641 1550 primatem
667 1489 898 1536 exercitus
931 1488 1057 1552 apud
1090 1488 1430 1553 Kingescliue,y
1452 1497 1500 1537 et
1523 1489 1686 1554 postea
1709 1489 1981 1537 occiderunt
2008 1490 2252 1539 Kinulfum
2277 1500 2324 1539 et

398 1566 565 1631 Ecgan
591 1567 798 1631 ejusdem
836 1569 960 1633 regis
984 1568 1128 1615 duces
1153 1567 1280 1632 apud
1306 1567 1658 1632 Hylatyrnum.¹⁵
1698 1567 1836 1616 Unde
1861 1585 1941 1616 rex
1961 1587 1989 1616 a
2012 1571 2135 1617 facie
2161 1587 2321 1618 eorum

393 1646 517 1710 sugit
542 1644 588 1693 et
613 1647 676 1693 illi
702 1646 1039 1694 constituerunt
1063 1663 1224 1711 regem
1249 1664 1332 1710 pro
1357 1664 1415 1695 eo
1443 1647 1728 1695 Alswoldum
1756 1647 1902 1695 Osulfi
1926 1649 2050 1713 regis
2081 1649 2242 1697 filium.

462 1725 603 1772 Anno
637 1725 887 1773 ncclxxix.
928 1725 1168 1774 E³6elredo
1205 1726 1395 1790 expulso
1435 1725 1704 1774 Alsuuodus
1740 1727 1938 1792 suscepit
1972 1743 2171 1792 regnum
2196 1728 2319 1776 Nor-

392 1804 677 1851 thumbriae.⁸

460 1882 601 1930 Anno
627 1883 860 1931 Dcc.lxxx.
891 1883 1125 1931 Osbaldus
1161 1892 1208 1931 et
1246 1883 1530 1932 Ethelardus
1565 1885 1725 1938 duces,
1762 1892 2052 1950 congregato
2093 1886 2315 1940 exercitu,

391 1962 546 2008 Bearn
583 1962 830 2026 patricium
856 1963 980 2027 regis
1008 1962 1227 2010 Alfwoldi
1253 1963 1299 2009 in
1342 1962 1588 2011 Seletuneb
1611 1962 1967 2017 succenderunt,
1991 1963 2052 2010 ix.
2090 1964 2315 2011 kalendas

388 2040 598 2088 Januarii
629 2041 773 2106 [Dec.
811 2041 916 2105 24].

455 2120 680 2168 Albertus
722 2121 1098 2186 archiepiscopus
1138 2121 1357 2186 migravit
1399 2121 1458 2168 ad
1501 2121 1752 2176 Christum,
1792 2138 1886 2186 quo
1935 2121 2090 2170 adhuc
2131 2123 2314 2170 vivente

388 2199 663 2248 Eanbaldus
688 2200 930 2248 ordinatus
954 2199 1037 2254 est,
1063 2207 1111 2248 et
1135 2201 1232 2264 ipso
1258 2217 1382 2247 anno
1407 2200 1599 2264 pallium
1623 2199 1705 2247 fibi
1732 2200 1965 2248 directum
1988 2201 2201 2265 suscepit.

454 2279 724 2327 Kiniuulsus
771 2280 1035 2344 episcopus⁰
1070 2280 1245 2327 relictis
1287 2280 1407 2327 curis
1442 2279 1742 2334 secularibus,
1803 2279 2047 2344 Higbaldo
2088 2276 2314 2328 commisit

384 2358 721 2423 episcopatum.

454 2437 613 2500 [Obiit
640 2437 822 2503 Fergus
847 2455 927 2486 rex
958 2438 1244 2492 Scottorum,
1271 2438 1345 2485 cui
1370 2437 1577 2485 succeffit
1606 2438 1816 2485 Seluand
1839 2438 1960 2485 filius
1986 2437 2126 2502 ejus]

452 2516 592 2564 Anno
618 2517 868 2581 Dcc.lxxxj.
899 2516 1226 2564 Alchmundus
1262 2515 1650 2581 Hagustaldenfis
1685 2517 1930 2581 episcopus
1969 2517 2029 2563 ad
2074 2515 2307 2564 Christum

383 2594 574 2649 transiit,
598 2595 676 2659 vij.
703 2596 808 2645 idus
837 2595 1142 2660 Septembris,
1173 2595 1311 2660 [Sep.
1340 2595 1410 2660 7],
1436 2596 1511 2643 cui
1535 2595 1743 2643 succeffit
1770 2595 2065 2659 Tylbertusfl

448 2674 590 2722 Anno
614 2674 882 2738 Dcc.lxxxij.
907 2676 996 2722 fuit
1021 2675 1270 2723 concilium
1295 2675 1422 2739 apud
1449 2674 1606 2722 Acle.⁸

425 2819 434 2837 ‘
460 2819 564 2864 Upon
590 2818 649 2852 tho
671 2818 754 2852 19th
781 2817 823 2852 of
837 2819 1049 2863 September,
1078 2819 1157 2856 777.
1199 2820 1234 2852 S.
1255 2820 1414 2853 Dunclm.
1447 2819 1513 2852 col.
1537 2821 1613 2852 108.
1669 2819 1747 2852 The.
1774 2825 1848 2852 text
1873 2830 1989 2862 agrees
2019 2817 2103 2851 with
2132 2817 2193 2851 the
2220 2819 2299 2851 Saae.

384 2875 501 2910 cliro-n.
649 2873 665 2887 ¹¹
688 2873 910 2918 Bynsin-tun‚
933 2873 1179 2918 Benesingtun‚
1211 2874 1424 2907 Samma-on.
1455 2885 1536 2907 now
1556 2873 1781 2916 Bensington,
1812 2873 1847 2905 in
1879 2871 2126 2910 Oxfordshirc;
2154 2883 2193 2905 or
2213 2871 2303 2906 Ben-

373 2931 527 2974 nington‚
548 2929 582 2962 in
604 2927 871 2963 Hertfordshire.
1013 2927 1026 2940 ⁷
1049 2927 1155 2973 Upon
1170 2927 1233 2962 the
1254 2927 1336 2961 15th
1354 2927 1396 2961 of
1406 2927 1498 2962 June
1516 2928 1596 2964 777.
1617 2928 1696 2960 Sus.
1709 2927 1826 2960 Chr-ou.
1850 2926 1928 2960 MS.
1951 2926 2062 2960 Laud.
2208 2925 2229 2939 ⁷
2249 2927 2303 2960 Si-

374 2998 466 3020 meon
492 2984 608 3030 places
633 2983 702 3017 this
729 2990 833 3018 event
850 2983 885 3017 in
910 2982 970 3017 the
987 2981 1163 3027 following
1177 2994 1269 3028 year.
1415 2981 1431 3000 '
1452 2981 1718 3026 Cininges-clife,
1747 2983 1827 3016 Sam.
1857 2982 1975 3015 Clzron.
2023 2981 2101 3015 The
2118 2981 2257 3027 locality
2273 2982 2301 3015 is

375 3040 564 3074 uncertain.
712 3038 724 3052 ¹
749 3038 954 3083 Helathyrn,
985 3038 1065 3071 Saae.
1093 3038 1211 3071 Chron.
1242 3036 1397 3082 Perhaps
1416 3036 1585 3076 Ellerton,
1612 3036 1647 3070 in
1668 3036 1867 3070 Yorkshire.
2013 3038 2069 3081 (4)
2087 3035 2102 3050 “
2125 3037 2158 3070 Α
2174 3037 2300 3082 repeti-

374 3096 458 3135 tion,
478 3095 566 3129 from
585 3096 727 3134 Simeon,
748 3093 789 3128 of
812 3094 909 3128 what
925 3092 996 3127 had
1023 3094 1112 3127 been
1130 3092 1280 3127 detailed
1296 3091 1384 3126 from
1402 3091 1463 3126 the
1493 3092 1573 3126 Saoe.
1597 3092 1716 3126 Chron.
1862 3090 1877 3110 ὓ
1899 3091 2022 3131 Silton,
2042 3091 2077 3125 in
2098 3090 2297 3125 Yorkshire.

373 3150 386 3165 ⁶
411 3150 463 3185 Of
477 3149 683 3184 Lindisfarn.
742 3150 794 3195 Cf.
813 3150 894 3183 Sax.
906 3148 1024 3182 Chr-on.
1043 3159 1099 3182 an.
1120 3149 1200 3185 782.
1354 3146 1370 3166 ‘¹
1392 3147 1497 3192 Upon
1509 3146 1571 3181 the
1584 3146 1630 3181 2d
1646 3145 1689 3180 of
1702 3145 1866 3181 October.
1889 3147 2007 3181 Chr-on.
2027 3145 2121 3186 Saxa,
2141 3152 2177 3180 at
2198 3146 2298 3179 Wul-

372 3205 525 3239 feswille.
554 3205 590 3239 S.
610 3204 770 3238 Dunelm.
791 3204 857 3238 col.
881 3205 957 3237 110.
1011 3203 1085 3237 Ric.
1109 3202 1251 3248 Hagust.
1272 3201 1337 3236 col.
1362 3203 1438 3235 198.
1595 3201 1608 3216 ⁰
1632 3201 1826 3246 According
1842 3207 1880 3235 to
1898 3202 2067 3247 Spelman,
2087 3200 2157 3236 this
2175 3212 2244 3235 was
2262 3201 2296 3235 iu

375 3260 544 3296 Durham.
604 3260 750 3295 Concilio
768 3259 789 3293 i.
810 3261 890 3293 305.

929 3336 956 3367 Β
