2904 3886
135 1508 194 1542 fol.
214 1510 272 1542 55.
292 1508 327 1541 b.

393 492 526 542 A,'D.'
569 496 710 542 1251.
851 492 1276 543 CHRONICA
1320 492 1423 544 DE
1470 493 1856 545 MAILROS.
2247 501 2338 552 179

390 632 598 683 successit
639 633 898 690 Johannes,
948 634 1158 699 ejusdem
1205 634 1374 684 domus
1421 634 1684 685 monachus
1725 643 1772 684 et
1820 635 2063 701 quondam
2110 636 2234 700 prior
2275 636 2334 704 de

392 713 528 778 May.

459 793 549 843 Per
573 793 700 843 idem
723 801 912 859 tempus
934 793 1154 843 dominus
1180 793 1445 844 Herbertus
1469 793 1620 844 abbas
1644 795 1705 844 de
1733 794 1933 860 Kynlos,
1958 795 2026 843 vir
2049 795 2333 859 grandevus,

389 872 663 923 abbatizare
694 874 940 929 recusavit,
966 873 1042 922 cui
1069 872 1303 923 Ricardus
1327 873 1539 938 ejusdem
1563 874 1733 923 domus
1756 874 2020 923 monachus
2044 875 2269 924 succefiit.

456 953 642 1001 Eodem
679 970 803 1002 anno
832 953 1140 1001 obviaverunt
1173 953 1300 1018 apud
1337 952 1611 1002 Eboracum
1644 952 1927 1019 H[enricus]
1956 971 2038 1003 rex
2072 954 2249 1021 Anglie
2285 964 2332 1004 et

388 1032 710 1099 Assexander]
738 1049 820 1082 rex
857 1032 1035 1087 Scotie,
1071 1048 1180 1080 cum
1214 1031 1522 1097 magnatibus
1554 1040 1861 1097 utrorumque
1893 1050 2163 1099 regnorum,
2200 1043 2249 1083 et
2284 1036 2330 1083 in

386 1113 464 1162 die
491 1112 662 1161 natalis
693 1112 888 1161 Domini
921 1111 1072 1175 [Dec.
1099 1110 1185 1175 25]
1224 1111 1424 1177 suscepit
1460 1128 1489 1160 a
1519 1128 1634 1177 rege
1671 1111 1850 1177 Anglie
1886 1129 1967 1161 rex
2004 1113 2166 1162 Scotie
2200 1131 2331 1162 arma

384 1192 619 1247 militaria,
645 1199 693 1240 et
724 1192 771 1239 in
804 1191 1004 1241 crastino
1042 1190 1187 1256 [Dec.
1214 1190 1300 1256 26]
1329 1190 1569 1256 copulavit
1603 1191 1687 1240 fibi
1719 1192 1767 1240 in
1798 1192 2150 1240 matrimonium
2186 1193 2330 1241 filiam

383 1271 585 1335 predicti
610 1272 734 1337 regis
758 1271 1142 1336 primogenitam,
1166 1271 1360 1320 nomine
1398 1270 1773 1337 Margaretam3P
1808 1272 1934 1320 unde
1962 1272 2147 1320 factum
2181 1273 2249 1321 est
2281 1281 2331 1320 ut

385 1350 571 1400 Alanus
599 1351 830 1400 Ostiarius
854 1358 902 1400 et
926 1350 1122 1417 quidam
1151 1351 1230 1400 alii
1256 1350 1433 1400 ibidem
1457 1352 1788 1400 accusarentur
1813 1351 1942 1417 apud
1976 1368 2140 1418 regem
2170 1352 2330 1402 Scotie

383 1431 443 1480 de
468 1432 572 1497 ejus
607 1432 895 1497 proditione3
931 1439 1221 1497 quapropter
1256 1431 1392 1480 multi
1427 1432 1584 1480 officia
1607 1432 1690 1481 sua
1726 1432 1883 1481 coacti
1909 1433 2013 1480 sunt
2049 1432 2329 1498 relinquere,

384 1511 462 1560 alii
503 1512 586 1560 fibi
623 1513 844 1561 timentes
884 1512 1003 1578 fuga
1038 1511 1154 1577 lapfi
1189 1511 1386 1576 turpiter
1433 1512 1822 1576 repatriaverunt.
1898 1512 1995 1560 Sed
2033 1529 2113 1560 rex
2168 1512 2329 1561 Scotie

384 1593 560 1640 cuncta
582 1592 827 1641 moderate
851 1600 900 1641 et
923 1608 1032 1641 cum
1064 1590 1253 1641 confilio
1277 1591 1402 1657 regis
1429 1591 1606 1657 Anglie
1631 1591 1940 1640 honestiflime
1975 1593 2171 1647 faciens,
2197 1610 2330 1657 repa-

385 1672 543 1719 triavit
586 1689 694 1720 cum
731 1673 813 1720 sua
857 1672 1078 1738 conjuge.
1158 1670 1224 1719 Et
1267 1671 1370 1720 haec
1412 1671 1554 1720 causa
1598 1671 1932 1726 accusationis;
1978 1671 2207 1720 afferebat
2249 1689 2328 1720 rex

388 1751 564 1817 Anglie
582 1751 665 1800 fibi
684 1752 952 1800 intimatum
969 1751 1102 1800 fuiss'e
1122 1751 1364 1800 dominum
1378 1751 1588 1799 Alanum
1609 1750 1899 1799 Hostiarium
1923 1751 2098 1806 Scotie,
2119 1760 2165 1800 et
2184 1752 2327 1800 etiam

383 1839 496 1880 tunc
514 1831 832 1896 justitiarium,
857 1848 966 1881 cum
990 1830 1299 1897 complicibus
1322 1831 1415 1880 suis
1437 1831 1635 1879 nuncios
1664 1848 1773 1879 cum
1797 1830 2069 1879 muneribus
2095 1831 2156 1879 ad
2180 1831 2328 1879 domi-

383 1927 496 1959 num
521 1927 696 1977 papam
721 1911 948 1967 direxisse,
974 1918 1210 1976 quatenus
1234 1911 1353 1960 filias
1376 1912 1499 1966 suas,
1525 1928 1645 1976 quas
1669 1927 1728 1959 ex
1752 1912 1906 1959 sorore
1930 1911 2056 1976 regis
2082 1918 2327 1976 genuerat,

383 1991 539 2039 taliter
573 1992 862 2057 legitimaret
896 1999 948 2040 ut
972 1991 1006 2040 fi
1029 1990 1145 2056 quid
1168 1990 1396 2040 finistrum
1429 1991 1530 2056 regi
1560 1991 1721 2039 Scotie
1757 1991 1967 2039 eveniret
1995 1990 2073 2038 ille
2098 1998 2327 2055 tanquam

382 2070 580 2120 heredes
603 2071 803 2137 ligitime
829 2072 872 2120 ei
896 2072 944 2120 in
968 2088 1117 2136 regno
1141 2071 1470 2127 succederent3
1506 2071 1637 2136 quod
1668 2070 1702 2119 fi
1726 2070 2029 2135 impetrafi'et‚
2055 2070 2169 2118 nulli
2194 2070 2328 2118 dubi-

383 2167 463 2198 um
487 2151 602 2216 quin
626 2151 836 2216 proditor
860 2152 985 2217 regis
1010 2159 1057 2200 et
1081 2151 1245 2217 regine
1269 2151 1417 2200 fieret.

451 2230 593 2279 Anno
620 2231 816 2280 Domini
839 2231 1040 2296 M.cc.lij.
1067 2230 1312 2280 Johannes
1348 2230 1498 2280 abbas
1522 2230 1582 2279 de
1614 2230 1780 2279 sancto
1808 2229 2074 2278 Edwardoq
2097 2231 2179 2278 suo
2204 2230 2329 2278 ceffit

382 2311 552 2366 officio,
578 2319 626 2360 et
650 2312 884 2376 dompnus
911 2310 1071 2360 Adam
1094 2311 1327 2376 portarius
1351 2310 1411 2359 de
1438 2310 1619 2359 Melros
1643 2310 1687 2359 ei
1712 2309 1936 2359 succeffit.

450 2389 638 2438 Eodem
663 2407 788 2438 anno
813 2408 872 2439 ex
894 2391 986 2439 hac
1008 2391 1115 2439 luce
1139 2391 1460 2456 migraverunt
1486 2390 1748 2439 Gaufridus
1773 2389 1923 2439 abbas
1947 2389 2007 2437 de
2031 2389 2196 2437 sancto
2221 2389 2327 2437 Ser-

383 2485 524 2524 uano,
550 2477 598 2516 et
624 2469 862 2518 Robertus
887 2469 1036 2518 abbas
1060 2469 1121 2518 de
1147 2469 1293 2525 Dere,
1319 2477 1367 2519 et
1389 2470 1549 2519 factus
1580 2469 1648 2518 est
1674 2468 1823 2518 abbas
1848 2468 1907 2517 de
1934 2468 2064 2517 Dere
2091 2467 2327 2516 Henricus

383 2549 507 2612 prior
531 2548 591 2596 de
613 2548 812 2613 Kynlos„
838 2557 885 2597 et
909 2549 969 2598 de
986 2549 1152 2598 sancto
1181 2549 1397 2598 Seruano
1418 2548 1631 2598 Michael
1655 2547 1864 2613 ejusdem
1887 2547 2056 2596 domus
2079 2547 2326 2612 portarius,

383 2627 494 2676 huic
516 2627 725 2677 succeffit
748 2628 984 2694 dompnus
1002 2627 1027 2677 J
1034 2628 1247 2677 ohannes
1265 2628 1326 2677 de
1347 2627 1659 2693 Hadingtone
1676 2627 1937 2676 monachus
1955 2626 2015 2674 de
2034 2626 2197 2676 sancto
2222 2626 2342 2674 Ser->

386 2725 526 2756 uano.

444 2787 597 2916 giiii)
616 2787 819 2916 [Iglgrrrliini
842 2866 1059 2932 M.cc.liij.
1096 2866 1214 2915 obiit
1241 2865 1510 2915 Willelmus
1540 2865 1662 2915 filius
1691 2865 1876 2914 comitis
1886 2873 1915 2921 3*
1950 2872 1998 2913 et
2024 2864 2183 2913 David
2208 2864 2325 2929 epis·

385 2964 532 3012 copus
556 2947 706 2996 sancti
733 2946 897 2996 Andre
921 2963 980 2996 ex
1010 2945 1103 2995 hac
1124 2945 1232 2995 luce
1266 2944 1489 3001 transivit,
1513 2945 1617 3010 post
1645 2945 1780 3010 cujus
1815 2943 2058 2994 transitum
2090 2943 2226 2992 facta
2257 2943 2326 2991 est

384 3026 596 3076 difl'enfio
618 3028 667 3075 in
685 3027 937 3082 electione,
960 3026 1086 3076 unde
1103 3025 1237 3075 facto
1263 3024 1599 3091 appellatione,
1618 3025 1742 3090 prior
1761 3024 1911 3074 samsti
1937 3023 2131 3074 Andree
2148 3040 2208 3072 ex
2231 3039 2326 3072 una

433 3180 448 3201 Ρ
468 3183 619 3223 Pardua,
639 3182 673 3216 ii.
692 3184 757 3221 843
784 3181 843 3215 M.
865 3181 977 3221 Paris,
1004 3191 1065 3226 pp.
1083 3182 1165 3220 554,
1185 3181 1267 3219 555,
1287 3181 1376 3218 556;
1414 3178 1598 3224 Wyntown,
1618 3177 1641 3211 i.
1661 3179 1743 3212 382.
1938 3176 1955 3196 ‘¹
1977 3177 2044 3212 See
2061 3182 2145 3211 note
2162 3175 2180 3191 ¹²
2198 3175 2328 3211 before.

383 3235 397 3252 ¹
417 3237 451 3272 It
461 3237 491 3272 is
504 3237 673 3283 probable
681 3236 761 3273 that
776 3236 846 3272 this
861 3234 1052 3272 individunl
1064 3246 1137 3271 was
1147 3245 1216 3270 one
1226 3233 1268 3270 of
1277 3233 1340 3270 the
1354 3232 1473 3280 family
1486 3231 1528 3268 of
1537 3232 1599 3269 the
1616 3232 1704 3269 eatls
1717 3231 1760 3268 of
1772 3231 1935 3272 Dunban
1950 3231 1996 3267 he
2008 3232 2037 3267 is
2053 3238 2117 3268 not
2129 3232 2330 3268 mentioned

385 3293 431 3338 by
448 3294 614 3340 Douglas.
