2904 3886
167 2414 225 2448 fol.
246 2415 303 2447 52.

378 509 510 559 A.D.
552 513 692 558 1245.
847 507 1273 557 CHRONICA
1311 507 1412 557 DE
1451 466 1832 557 MAiLRosss
2228 514 2318 563 173

375 650 540 698 ordine
568 650 687 715 juris
722 650 918 704 servato,
955 648 1328 697 animadvertere
1363 646 1497 713 poffit
1531 648 1578 696 in
1610 647 1858 713 quossibet,
1895 664 2015 713 quos
2047 647 2201 697 afferit
2235 650 2315 697 sue

370 728 683 794 jurisdifitioni
707 728 977 794 subjefftos?
1039 726 1261 776 Procefflt
1285 727 1411 776 enim
1435 735 1599 776 contra
1629 743 1716 776 nos
1744 743 1911 792 nuper,
1937 735 1988 776 ut
2012 727 2196 784 dicitur,
2221 745 2315 776 non

376 825 460 873 per
496 808 806 857 accusationis
841 806 1070 862 ordinem,
1106 823 1215 855 cum
1249 823 1339 855 nec
1380 807 1622 856 accusator
1657 806 1940 872 apparuisset
1976 807 2190 863 idoneus,
2227 824 2316 856 nec

376 888 614 954 inscriptio
654 886 949 953 processifl‘et,
994 902 1085 934 nec
1124 902 1206 951 per
1247 886 1678 942 denunciationem,
1723 886 1937 951 legitimo
1979 886 2316 936 denunciatore

379 966 598 1022 cessante,
645 983 734 1015 nec
774 983 858 1031 per
897 964 1205 1030 inquisitionis
1250 964 1462 1020 modum,
1502 981 1646 1030 quem
1686 965 1890 1014 clamosa
1936 966 2182 1015 insinuatio
2223 984 2316 1015 non

377 1045 618 1111 praeceffit,
643 1062 752 1094 cum
786 1045 932 1094 etiam
965 1044 1201 1092 nullorum
1234 1042 1558 1108 inquisitorum
1591 1043 1728 1093 nobis
1759 1045 1891 1093 facita
1923 1046 2128 1094 extiterit
2162 1048 2316 1111 copia,

377 1126 411 1173 fi
435 1142 530 1191 qua
553 1126 708 1173 forsan
732 1122 1060 1178 ecclesiastica,
1085 1139 1194 1170 cum
1227 1122 1344 1170 nulli
1366 1122 1541 1170 fuerint
1569 1122 1757 1188 publice
1790 1140 1872 1188 per
1903 1124 2167 1189 hujusmodi
2194 1126 2318 1190 judi-

379 1221 482 1253 cem
507 1204 568 1252 ad
599 1201 1182 1268 inquifitionem‘addufiti.
1256 1200 1428 1250 Afferit
1451 1201 1611 1250 omnia
1633 1202 1735 1250 fore
1766 1204 1967 1258 notoria,
1992 1220 2085 1268 que
2117 1221 2203 1252 nos
2227 1205 2318 1253 efl'e

376 1284 561 1332 notoria
583 1282 830 1331 manifeste
864 1297 1113 1347 negamus,
1139 1288 1186 1329 et
1210 1280 1302 1329 effe
1337 1281 1523 1329 notoria
1546 1298 1629 1346 per
1656 1282 1922 1347 legitimum
1945 1283 2133 1331 testium
2156 1301 2319 1332 nume-

378 1379 480 1411 rum
503 1379 599 1411 non
624 1361 896 1427 probantur.
973 1360 1054 1409 Sic
1078 1360 1204 1409 enim
1227 1360 1425 1425 quilibet
1442 1360 1592 1426 judex
1616 1361 1764 1426 pofi'et
1788 1379 1871 1427 per
1895 1363 1942 1410 se
1970 1363 2120 1428 ipsum
2145 1364 2319 1412 crimen

379 1442 621 1491 afferendo
657 1441 909 1496 notorium,
941 1442 1095 1505 spreto
1121 1440 1240 1505 juris
1274 1440 1437 1488 ordine
1470 1441 1731 1506 quemlibet
1766 1442 2098 1492 condemnare.
2172 1443 2320 1491 Insur-

378 1530 595 1571 rexerunt
633 1522 680 1569 in
715 1538 818 1576 nos,
848 1528 900 1568 ut
924 1520 1108 1574 dicitur,
1134 1520 1182 1567 in
1206 1519 1406 1567 concilio
1430 1520 1573 1569 testes
1608 1521 1772 1585 iniqui,
1803 1522 1883 1570 sed
1906 1522 2043 1571 valde
2078 1525 2319 1588 perpauci,

381 1618 581 1666 quorum
605 1618 767 1656 unum,
793 1600 1012 1648 videlicet
1031 1599 1303 1647 Gallensem
1327 1599 1613 1665 episcopum,
1630 1601 1737 1655 suis,
1761 1601 1906 1649 fratre
1930 1602 2151 1650 videlicet
2175 1611 2222 1650 et
2240 1620 2320 1650 ne-

380 1689 508 1745 pote,
533 1698 616 1745 per
640 1697 726 1728 nos
762 1697 820 1727 ex
845 1680 986 1727 causa
1017 1678 1294 1744 proditionis
1319 1679 1379 1726 ad
1411 1679 1709 1744 suspendium
1732 1679 1944 1745 legitime
1978 1682 2319 1736 condemnatis,
2355 1715 2357 1717 >

382 1761 557 1809 offensa
588 1759 896 1808 rationalibus
924 1759 1062 1807 nobis
1093 1758 1297 1806 reddidit
1329 1758 1556 1814 odiosum,
1583 1766 1630 1807 et
1655 1758 1780 1823 juste
1812 1767 2061 1824 propterea
2093 1761 2320 1825 repellen-

381 1840 508 1888 dum.
583 1840 718 1887 Alios
748 1848 978 1903 tanquam
1010 1855 1069 1886 ex
1097 1838 1273 1886 ultimis
1299 1837 1548 1903 Hispaniei
1579 1838 1791 1904 partibus
1820 1840 2123 1904 prodeuntes,
2152 1840 2320 1888 Terra-

381 1920 638 1984 gonensem
670 1918 845 1966 scilicet
876 1925 924 1966 et
953 1917 1390 1982 Compostellanum
1421 1917 1666 1973 antistites,
1692 1919 1991 1984 negotiorum
2019 1920 2154 1967 Italie
2188 1928 2319 1968 nata-

381 1999 436 2046 lis
465 2015 584 2046 zone
608 1998 933 2063 longinquitas
969 1997 1154 2052 inscios,
1179 2005 1228 2045 et
1252 1997 1442 2046 eosdem
1466 1999 1699 2045 venenose
1731 1998 2075 2047 subornationis
2107 2000 2320 2047 industio

380 2077 533 2126 nostre
567 2076 746 2141 justitie
778 2077 893 2125 fecit
925 2076 1017 2125 effe
1049 2075 1258 2125 infestos.
1331 2075 1445 2124 Esto
1479 2085 1708 2140 praeterea
1740 2078 1870 2142 quod
1900 2078 2098 2142 legitimi
2130 2080 2319 2134 fuerint,

381 2155 744 2212 subsistentibus,
778 2156 912 2205 astor
947 2163 995 2204 et
1024 2155 1197 2220 judex3
1241 2155 1392 2204 defuit.
1428 2156 1607 2211 tertius,
1638 2173 1760 2211 reus,
1794 2157 1874 2221 qui
1910 2157 1983 2205 vel
2015 2159 2216 2222 praesens
2249 2159 2322 2205 vel

381 2236 722 2285 contumaciter
747 2235 914 2284 absens
937 2234 1195 2284 secundum
1213 2234 1444 2300 justitiam
1468 2235 1633 2283 debuit
1658 2236 1979 2284 condemnari.
2029 2237 2175 2285 Citati
2190 2255 2321 2285 nam-

380 2332 474 2380 que
505 2316 553 2363 in
588 2315 924 2381 praedicatione
957 2315 1040 2363 sua
1075 2314 1317 2380 Lugduni,
1356 2313 1472 2363 ficut
1502 2314 1781 2370 audivimus,
1814 2316 1926 2363 licet
1957 2316 2231 2371 informiter,
2256 2318 2320 2363 vi-

382 2394 554 2442 delicet
582 2394 695 2459 quia
726 2393 810 2459 ipfi
841 2394 988 2449 citati,
1021 2401 1068 2441 et
1101 2394 1203 2442 aliis
1236 2394 1376 2442 nullis
1408 2394 1605 2442 aliorum
1634 2395 1824 2443 omnino
1853 2396 2061 2459 personis
2093 2404 2140 2443 et
2173 2396 2320 2443 caufis

383 2472 616 2537 expreffis,
639 2472 827 2521 fafiture
846 2472 1075 2537 justitiam
1100 2472 1380 2522 deberemus
1403 2490 1487 2538 per
1510 2490 1597 2522 nos
1616 2474 1689 2521 vel
1713 2490 1796 2538 per
1814 2474 2101 2538 responsales
2125 2474 2321 2522 idoneos

383 2568 671 2616 comparere.
744 2551 1004 2600 Praesentes
1027 2567 1111 2616 pro
1137 2558 1265 2599 certo
1289 2568 1385 2599 non
1408 2552 1599 2607 fuimus,
1625 2552 1706 2600 sed
1738 2569 1796 2600 ex
1825 2552 1961 2617 justis
1986 2552 2133 2600 causis
2158 2553 2319 2602 absen-

383 2640 470 2686 tes,
497 2630 558 2678 ad
582 2646 783 2695 quarum
815 2630 1152 2696 allegationem
1177 2630 1354 2679 admissi
1384 2631 1672 2696 responsales
1695 2631 1836 2679 nostri
1866 2632 2077 2696 legitime
2102 2649 2195 2680 non
2219 2634 2319 2680 fue-

383 2718 505 2758 runt.
575 2709 685 2758 Nec
720 2709 937 2758 absentes
969 2710 1309 2758 contumaciter
1343 2710 1533 2766 fuimus,
1567 2727 1675 2759 cum
1706 2718 1874 2775 praeter
1909 2711 2037 2776 quod
2068 2712 2196 2759 nulla
2230 2713 2320 2759 fuit

384 2789 564 2845 citatio,
596 2796 648 2837 ut
683 2789 750 2836 est
773 2788 972 2843 dictum,
1007 2789 1374 2853 peremptorium
1408 2790 1676 2845 terminum,
1708 2797 1846 2854 prout
1875 2790 1990 2838 ordo
2014 2790 2132 2854 juris
2157 2792 2318 2855 expos-

383 2869 518 2924 tulat,
543 2868 705 2917 citatio
735 2884 831 2916 non
861 2867 1076 2923 haberet,
1107 2875 1246 2932 prout
1271 2868 1506 2916 citationis
1538 2870 1692 2916 forma
1722 2869 2010 2933 principibus
2042 2877 2090 2916 et
2113 2870 2317 2934 praelatis

384 2947 514 2995 miffa
554 2964 638 3012 per
674 2946 834 2995 literas
874 2947 1116 2995 evidenter
1156 2946 1371 2996 ostendit.
1460 2946 1823 2995 Contumaciam
1866 2947 2071 2996 nostram
2112 2949 2319 3014 magistri

388 3025 576 3075 Thadei
607 3026 667 3074 de
697 3025 901 3081 Suefl'a,¹‘
933 3042 1109 3091 magne
1140 3026 1268 3074 curie
1299 3026 1453 3074 nostre
1478 3025 1667 3090 judicis,
1691 3026 1842 3075 fidelis
1873 3026 2013 3074 nostri
2045 3036 2317 3091 procurato-

384 3107 462 3163 ris,
490 3107 683 3172 plenum
706 3105 983 3155 mandatum
1011 3106 1216 3161 excusat,
1253 3106 1387 3170 cujus
1419 3106 1678 3155 auEtoritas
1709 3123 1768 3154 ex
1791 3122 1849 3155 eo
1884 3106 2013 3171 quod
2038 3115 2201 3156 contra
2232 3125 2318 3157 nos

446 3245 456 3264 ¹
486 3245 553 3281 See
570 3246 669 3281 Saint
686 3244 802 3286 Marc,
824 3244 916 3280 Hist.
935 3245 971 3279 d’
991 3243 1107 3283 Itane,
1125 3244 1169 3279 vi.
1189 3245 1274 3284 313,
1290 3243 1343 3278 for
1360 3254 1404 3279 an
1422 3251 1572 3279 account
1589 3243 1630 3279 of
1640 3244 1710 3280 this
1727 3252 1842 3280 event.
1990 3246 2004 3266 ¹¹
2035 3247 2101 3283 See
2117 3247 2178 3282 the
2195 3248 2320 3283 autho-

383 3300 449 3346 rity
464 3301 532 3336 last
547 3301 650 3337 cited.
