<?xml version="1.0" encoding="UTF-8"?>
<!DOCTYPE html PUBLIC "-//W3C//DTD XHTML 1.0 Transitional//EN"
    "http://www.w3.org/TR/xhtml1/DTD/xhtml1-transitional.dtd">
<html xmlns="http://www.w3.org/1999/xhtml" xml:lang="en" lang="en">
 <head>
  <title>
</title>
<meta http-equiv="Content-Type" content="text/html;charset=utf-8" />
  <meta name='ocr-system' content='tesseract 3.04.00' />
  <meta name='ocr-capabilities' content='ocr_page ocr_carea ocr_par ocr_line ocrx_word'/>
</head>
<body>
  <div class='ocr_page' id='page_1' title='image "./chronicdemailros00melruoft_0275.png"; bbox 0 0 2904 3886; ppageno 0'>
   <div class='ocr_carea' id='block_1_1' title="bbox 1064 1142 1670 1221">
    <p class='ocr_par' dir='ltr' id='par_1_1' title="bbox 1064 1142 1670 1221">
     <span class='ocr_line' id='line_1_1' title="bbox 1064 1142 1670 1221; baseline -0.005 0"><span class='ocrx_word' id='word_1_1' title='bbox 1064 1166 1523 1221; x_wconf 85' lang='lat' dir='ltr'><strong>APPENDIX</strong></span> <span class='ocrx_word' id='word_1_2' title='bbox 1564 1165 1605 1219; x_wconf 88' lang='lat'><strong>1.</strong></span> <span class='ocrx_word' id='word_1_3' title='bbox 1663 1142 1670 1148; x_wconf 83' lang='grc'>’</span> 
     </span>
    </p>
   </div>
   <div class='ocr_carea' id='block_1_2' title="bbox 205 1536 2338 1591">
    <p class='ocr_par' dir='ltr' id='par_1_2' title="bbox 205 1536 2338 1591">
     <span class='ocr_line' id='line_1_2' title="bbox 205 1536 2338 1591; baseline -0.001 -14"><span class='ocrx_word' id='word_1_4' title='bbox 205 1536 264 1571; x_wconf 80' lang='lat' dir='ltr'><strong>fol·</strong></span> <span class='ocrx_word' id='word_1_5' title='bbox 284 1539 342 1571; x_wconf 85' lang='lat'><strong>53·</strong></span> <span class='ocrx_word' id='word_1_6' title='bbox 382 1540 507 1576; x_wconf 82' lang='lat' dir='ltr'>ANNO</span> <span class='ocrx_word' id='word_1_7' title='bbox 529 1540 750 1578; x_wconf 77' lang='lat' dir='ltr'><strong>occec.xl.v.</strong></span> <span class='ocrx_word' id='word_1_8' title='bbox 768 1552 835 1578; x_wconf 89' lang='lat' dir='ltr'><strong>rex</strong></span> <span class='ocrx_word' id='word_1_9' title='bbox 856 1540 1082 1578; x_wconf 86' lang='lat' dir='ltr'><strong>Edmundus</strong></span> <span class='ocrx_word' id='word_1_10' title='bbox 1099 1544 1241 1577; x_wconf 88' lang='lat' dir='ltr'><strong>terram</strong></span> <span class='ocrx_word' id='word_1_11' title='bbox 1257 1538 1521 1591; x_wconf 87' lang='lat' dir='ltr'><strong>Humbrorum</strong></span> <span class='ocrx_word' id='word_1_12' title='bbox 1539 1539 1706 1576; x_wconf 86' lang='lat' dir='ltr'><strong>uastauit</strong></span> <span class='ocrx_word' id='word_1_13' title='bbox 1724 1542 1762 1575; x_wconf 90' lang='lat' dir='ltr'><strong>et</strong></span> <span class='ocrx_word' id='word_1_14' title='bbox 1781 1538 1853 1575; x_wconf 88' lang='lat' dir='ltr'><strong>sibi</strong></span> <span class='ocrx_word' id='word_1_15' title='bbox 1872 1538 2116 1588; x_wconf 85' lang='lat' dir='ltr'><strong>subiugatam</strong></span> <span class='ocrx_word' id='word_1_16' title='bbox 2131 1536 2338 1575; x_wconf 89' lang='lat' dir='ltr'><strong>Malcolmo</strong></span> 
     </span>
    </p>
   </div>
   <div class='ocr_carea' id='block_1_3' title="bbox 374 1606 2339 2982">
    <p class='ocr_par' dir='ltr' id='par_1_3' title="bbox 379 1606 995 1655">
     <span class='ocr_line' id='line_1_3' title="bbox 379 1606 995 1655; baseline 0.002 -13"><span class='ocrx_word' id='word_1_17' title='bbox 379 1607 462 1655; x_wconf 86' lang='lat' dir='ltr'><strong>regi</strong></span> <span class='ocrx_word' id='word_1_18' title='bbox 480 1606 681 1644; x_wconf 88' lang='lat' dir='ltr'><strong>Scotorum</strong></span> <span class='ocrx_word' id='word_1_19' title='bbox 699 1607 995 1645; x_wconf 83' lang='lat' dir='ltr'><strong>commendauit.</strong></span> 
     </span>
    </p>

    <p class='ocr_par' dir='ltr' id='par_1_4' title="bbox 380 1669 2339 1921">
     <span class='ocr_line' id='line_1_4' title="bbox 434 1669 2338 1722; baseline -0.002 -13"><span class='ocrx_word' id='word_1_20' title='bbox 434 1673 549 1711; x_wconf 89' lang='lat' dir='ltr'><strong>Anno</strong></span> <span class='ocrx_word' id='word_1_21' title='bbox 569 1674 690 1710; x_wconf 59' lang='lat' dir='ltr'><strong>mlxx.</strong></span> <span class='ocrx_word' id='word_1_22' title='bbox 713 1686 781 1711; x_wconf 87' lang='lat' dir='ltr'><strong>rex</strong></span> <span class='ocrx_word' id='word_1_23' title='bbox 809 1673 1037 1711; x_wconf 89' lang='lat' dir='ltr'><strong>Malcolmus</strong></span> <span class='ocrx_word' id='word_1_24' title='bbox 1057 1672 1240 1722; x_wconf 83' lang='lat' dir='ltr'><strong>Angliam</strong></span> <span class='ocrx_word' id='word_1_25' title='bbox 1266 1683 1388 1722; x_wconf 85' lang='lat' dir='ltr'><strong>usque</strong></span> <span class='ocrx_word' id='word_1_26' title='bbox 1417 1670 1628 1709; x_wconf 89' lang='lat' dir='ltr'><strong>Cleueland</strong></span> <span class='ocrx_word' id='word_1_27' title='bbox 1654 1669 1821 1708; x_wconf 82' lang='lat' dir='ltr'><strong>uastauit</strong></span> <span class='ocrx_word' id='word_1_28' title='bbox 1848 1675 1940 1708; x_wconf 89' lang='lat' dir='ltr'><strong>tunc</strong></span> <span class='ocrx_word' id='word_1_29' title='bbox 1968 1671 2086 1708; x_wconf 89' lang='lat' dir='ltr'><strong>cliton</strong></span> <span class='ocrx_word' id='word_1_30' title='bbox 2106 1669 2338 1719; x_wconf 87' lang='lat' dir='ltr'><strong>Edgaroque</strong></span> 
     </span>
     <span class='ocr_line' id='line_1_5' title="bbox 381 1736 2339 1790; baseline -0.002 -14"><span class='ocrx_word' id='word_1_31' title='bbox 381 1740 571 1777; x_wconf 88' lang='lat' dir='ltr'><strong>sororibus</strong></span> <span class='ocrx_word' id='word_1_32' title='bbox 591 1740 809 1790; x_wconf 88' lang='lat' dir='ltr'><strong>Margarete</strong></span> <span class='ocrx_word' id='word_1_33' title='bbox 828 1745 867 1777; x_wconf 90' lang='lat' dir='ltr'><strong>et</strong></span> <span class='ocrx_word' id='word_1_34' title='bbox 888 1739 1079 1777; x_wconf 89' lang='lat' dir='ltr'><strong>Christine</strong></span> <span class='ocrx_word' id='word_1_35' title='bbox 1098 1739 1164 1776; x_wconf 91' lang='lat' dir='ltr'><strong>ubi</strong></span> <span class='ocrx_word' id='word_1_36' title='bbox 1183 1750 1247 1776; x_wconf 82' lang='lat' dir='ltr'><strong>eas</strong></span> <span class='ocrx_word' id='word_1_37' title='bbox 1273 1739 1422 1775; x_wconf 87' lang='lat' dir='ltr'><strong>inuenit</strong></span> <span class='ocrx_word' id='word_1_38' title='bbox 1439 1750 1573 1788; x_wconf 88' lang='lat' dir='ltr'><strong>regem</strong></span> <span class='ocrx_word' id='word_1_39' title='bbox 1593 1737 1747 1787; x_wconf 87' lang='lat' dir='ltr'><strong>Angliae</strong></span> <span class='ocrx_word' id='word_1_40' title='bbox 1765 1736 1956 1787; x_wconf 89' lang='lat' dir='ltr'><strong>fugientes</strong></span> <span class='ocrx_word' id='word_1_41' title='bbox 1983 1738 2024 1773; x_wconf 92' lang='lat' dir='ltr'><strong>in</strong></span> <span class='ocrx_word' id='word_1_42' title='bbox 2045 1736 2220 1774; x_wconf 89' lang='lat' dir='ltr'><strong>Scociam</strong></span> <span class='ocrx_word' id='word_1_43' title='bbox 2239 1737 2339 1773; x_wconf 86' lang='lat' dir='ltr'><strong>irent</strong></span> 
     </span>
     <span class='ocr_line' id='line_1_6' title="bbox 380 1800 2338 1855; baseline -0.003 -12"><span class='ocrx_word' id='word_1_44' title='bbox 380 1807 483 1855; x_wconf 91' lang='lat' dir='ltr'><strong>apud</strong></span> <span class='ocrx_word' id='word_1_45' title='bbox 503 1806 802 1844; x_wconf 89' lang='lat' dir='ltr'><strong>Weremundam</strong></span> <span class='ocrx_word' id='word_1_46' title='bbox 820 1807 860 1843; x_wconf 92' lang='lat' dir='ltr'><strong>in</strong></span> <span class='ocrx_word' id='word_1_47' title='bbox 878 1806 1005 1844; x_wconf 84' lang='lat' dir='ltr'><strong>reditu</strong></span> <span class='ocrx_word' id='word_1_48' title='bbox 1023 1818 1092 1843; x_wconf 89' lang='lat' dir='ltr'><strong>suo</strong></span> <span class='ocrx_word' id='word_1_49' title='bbox 1110 1817 1245 1855; x_wconf 86' lang='lat' dir='ltr'><strong>pacem</strong></span> <span class='ocrx_word' id='word_1_50' title='bbox 1262 1817 1370 1843; x_wconf 89' lang='lat' dir='ltr'><strong>suam</strong></span> <span class='ocrx_word' id='word_1_51' title='bbox 1389 1805 1558 1849; x_wconf 89' lang='lat' dir='ltr'><strong>donauit,</strong></span> <span class='ocrx_word' id='word_1_52' title='bbox 1574 1809 1613 1842; x_wconf 89' lang='lat' dir='ltr'><strong>et</strong></span> <span class='ocrx_word' id='word_1_53' title='bbox 1632 1800 1889 1854; x_wconf 73' lang='lat' dir='ltr'><strong>Margaretam</strong></span> <span class='ocrx_word' id='word_1_54' title='bbox 1906 1808 2041 1853; x_wconf 88' lang='lat' dir='ltr'><strong>postea</strong></span> <span class='ocrx_word' id='word_1_55' title='bbox 2057 1803 2129 1840; x_wconf 88' lang='lat' dir='ltr'><strong>sibi</strong></span> <span class='ocrx_word' id='word_1_56' title='bbox 2148 1804 2189 1839; x_wconf 94' lang='lat' dir='ltr'><strong>in</strong></span> <span class='ocrx_word' id='word_1_57' title='bbox 2208 1803 2338 1839; x_wconf 85' lang='lat' dir='ltr'><strong>matri-</strong></span> 
     </span>
     <span class='ocr_line' id='line_1_7' title="bbox 380 1873 777 1921; baseline 0 -12"><span class='ocrx_word' id='word_1_58' title='bbox 380 1874 551 1910; x_wconf 89' lang='lat' dir='ltr'>monium</span> <span class='ocrx_word' id='word_1_59' title='bbox 570 1873 777 1921; x_wconf 89' lang='lat' dir='ltr'><strong>copulauit.</strong></span> 
     </span>
    </p>

    <p class='ocr_par' dir='ltr' id='par_1_5' title="bbox 376 1934 2338 2254">
     <span class='ocr_line' id='line_1_8' title="bbox 434 1934 2336 1987; baseline -0.002 -12"><span class='ocrx_word' id='word_1_60' title='bbox 434 1940 548 1977; x_wconf 90' lang='lat' dir='ltr'><strong>Anno</strong></span> <span class='ocrx_word' id='word_1_61' title='bbox 569 1940 687 1977; x_wconf 87' lang='lat' dir='ltr'><strong>M.xci.</strong></span> <span class='ocrx_word' id='word_1_62' title='bbox 705 1939 942 1977; x_wconf 89' lang='lat' dir='ltr'><strong>reconciliati</strong></span> <span class='ocrx_word' id='word_1_63' title='bbox 956 1943 1044 1976; x_wconf 89' lang='lat' dir='ltr'><strong>sunt</strong></span> <span class='ocrx_word' id='word_1_64' title='bbox 1060 1950 1129 1975; x_wconf 88' lang='lat' dir='ltr'><strong>rex</strong></span> <span class='ocrx_word' id='word_1_65' title='bbox 1150 1937 1365 1975; x_wconf 87' lang='lat' dir='ltr'><strong>Willelmus</strong></span> <span class='ocrx_word' id='word_1_66' title='bbox 1379 1937 1523 1987; x_wconf 89' lang='lat' dir='ltr'><strong>Anglie</strong></span> <span class='ocrx_word' id='word_1_67' title='bbox 1542 1942 1580 1974; x_wconf 89' lang='lat' dir='ltr'><strong>et</strong></span> <span class='ocrx_word' id='word_1_68' title='bbox 1597 1936 1713 1974; x_wconf 86' lang='lat' dir='ltr'><strong>frater</strong></span> <span class='ocrx_word' id='word_1_69' title='bbox 1731 1949 1821 1974; x_wconf 92' lang='lat' dir='ltr'><strong>suus</strong></span> <span class='ocrx_word' id='word_1_70' title='bbox 1843 1936 2071 1981; x_wconf 88' lang='lat' dir='ltr'><strong>Rodbertus,</strong></span> <span class='ocrx_word' id='word_1_71' title='bbox 2092 1940 2131 1972; x_wconf 85' lang='lat' dir='ltr'><strong>et</strong></span> <span class='ocrx_word' id='word_1_72' title='bbox 2149 1947 2217 1972; x_wconf 90' lang='lat' dir='ltr'><strong>rex</strong></span> <span class='ocrx_word' id='word_1_73' title='bbox 2238 1934 2336 1970; x_wconf 92' lang='lat' dir='ltr'><strong>Wil-</strong></span> 
     </span>
     <span class='ocr_line' id='line_1_9' title="bbox 378 2001 2338 2055; baseline -0.003 -13"><span class='ocrx_word' id='word_1_74' title='bbox 378 2006 512 2043; x_wconf 88' lang='lat' dir='ltr'><strong>lelmus</strong></span> <span class='ocrx_word' id='word_1_75' title='bbox 525 2005 668 2055; x_wconf 87' lang='lat' dir='ltr'><strong>Anglie</strong></span> <span class='ocrx_word' id='word_1_76' title='bbox 680 2007 847 2044; x_wconf 87' lang='lat' dir='ltr'><strong>occurrit</strong></span> <span class='ocrx_word' id='word_1_77' title='bbox 859 2017 947 2044; x_wconf 92' lang='lat' dir='ltr'><strong>cum</strong></span> <span class='ocrx_word' id='word_1_78' title='bbox 956 2005 1149 2043; x_wconf 85' lang='lat' dir='ltr'><strong>excercitu</strong></span> <span class='ocrx_word' id='word_1_79' title='bbox 1162 2004 1246 2054; x_wconf 90' lang='lat' dir='ltr'><strong>regi</strong></span> <span class='ocrx_word' id='word_1_80' title='bbox 1258 2003 1477 2048; x_wconf 88' lang='lat' dir='ltr'><strong>Malcolmo,</strong></span> <span class='ocrx_word' id='word_1_81' title='bbox 1485 2004 1562 2041; x_wconf 88' lang='lat' dir='ltr'><strong>iam</strong></span> <span class='ocrx_word' id='word_1_82' title='bbox 1575 2002 1892 2040; x_wconf 89' lang='lat' dir='ltr'><strong>Northumbriam</strong></span> <span class='ocrx_word' id='word_1_83' title='bbox 1906 2002 2082 2046; x_wconf 87' lang='lat' dir='ltr'><strong>uastanti,</strong></span> <span class='ocrx_word' id='word_1_84' title='bbox 2091 2002 2131 2038; x_wconf 91' lang='lat' dir='ltr'><strong>in</strong></span> <span class='ocrx_word' id='word_1_85' title='bbox 2138 2001 2338 2050; x_wconf 87' lang='lat' dir='ltr'><strong>prouincia</strong></span> 
     </span>
     <span class='ocr_line' id='line_1_10' title="bbox 380 2067 2335 2121; baseline -0.002 -13"><span class='ocrx_word' id='word_1_86' title='bbox 380 2071 524 2116; x_wconf 86' lang='lat' dir='ltr'><strong>Loidis‚</strong></span> <span class='ocrx_word' id='word_1_87' title='bbox 537 2084 633 2121; x_wconf 92' lang='lat' dir='ltr'><strong>quos</strong></span> <span class='ocrx_word' id='word_1_88' title='bbox 645 2084 772 2110; x_wconf 90' lang='lat' dir='ltr'><strong>comes</strong></span> <span class='ocrx_word' id='word_1_89' title='bbox 789 2071 1008 2109; x_wconf 89' lang='lat' dir='ltr'><strong>Rodbertus</strong></span> <span class='ocrx_word' id='word_1_90' title='bbox 1023 2084 1069 2110; x_wconf 90' lang='lat' dir='ltr'><strong>ea</strong></span> <span class='ocrx_word' id='word_1_91' title='bbox 1088 2071 1315 2109; x_wconf 87' lang='lat' dir='ltr'><strong>condicione</strong></span> <span class='ocrx_word' id='word_1_92' title='bbox 1331 2070 1552 2119; x_wconf 89' lang='lat' dir='ltr'><strong>pacificauit</strong></span> <span class='ocrx_word' id='word_1_93' title='bbox 1570 2074 1614 2107; x_wconf 91' lang='lat' dir='ltr'><strong>ut</strong></span> <span class='ocrx_word' id='word_1_94' title='bbox 1631 2081 1699 2106; x_wconf 91' lang='lat' dir='ltr'><strong>rex</strong></span> <span class='ocrx_word' id='word_1_95' title='bbox 1720 2069 1923 2107; x_wconf 83' lang='lat' dir='ltr'><strong>Scotorum</strong></span> <span class='ocrx_word' id='word_1_96' title='bbox 1936 2069 2019 2118; x_wconf 87' lang='lat' dir='ltr'><strong>regi</strong></span> <span class='ocrx_word' id='word_1_97' title='bbox 2036 2067 2231 2105; x_wconf 90' lang='lat' dir='ltr'><strong>Willelmo</strong></span> <span class='ocrx_word' id='word_1_98' title='bbox 2244 2068 2335 2105; x_wconf 92' lang='lat' dir='ltr'><strong>obe-</strong></span> 
     </span>
     <span class='ocr_line' id='line_1_11' title="bbox 377 2135 2337 2187; baseline -0.003 -12"><span class='ocrx_word' id='word_1_99' title='bbox 377 2139 496 2182; x_wconf 89' lang='lat' dir='ltr'><strong>deret,</strong></span> <span class='ocrx_word' id='word_1_100' title='bbox 511 2143 550 2175; x_wconf 89' lang='lat' dir='ltr'><strong>et</strong></span> <span class='ocrx_word' id='word_1_101' title='bbox 567 2151 636 2175; x_wconf 87' lang='lat' dir='ltr'><strong>rex</strong></span> <span class='ocrx_word' id='word_1_102' title='bbox 657 2138 872 2175; x_wconf 90' lang='lat' dir='ltr'><strong>Willelmus</strong></span> <span class='ocrx_word' id='word_1_103' title='bbox 891 2139 974 2187; x_wconf 89' lang='lat' dir='ltr'><strong>regi</strong></span> <span class='ocrx_word' id='word_1_104' title='bbox 995 2137 1203 2175; x_wconf 82' lang='lat' dir='ltr'><strong>Malcolmo</strong></span> <span class='ocrx_word' id='word_1_105' title='bbox 1222 2137 1288 2173; x_wconf 89' lang='lat' dir='ltr'><strong>xii.</strong></span> <span class='ocrx_word' id='word_1_106' title='bbox 1301 2136 1424 2181; x_wconf 91' lang='lat' dir='ltr'><strong>uillas,</strong></span> <span class='ocrx_word' id='word_1_107' title='bbox 1445 2148 1540 2186; x_wconf 84' lang='lat' dir='ltr'><strong>quas</strong></span> <span class='ocrx_word' id='word_1_108' title='bbox 1558 2136 1629 2173; x_wconf 90' lang='lat' dir='ltr'><strong>sub</strong></span> <span class='ocrx_word' id='word_1_109' title='bbox 1646 2139 1755 2184; x_wconf 88' lang='lat' dir='ltr'><strong>patre</strong></span> <span class='ocrx_word' id='word_1_110' title='bbox 1774 2148 1843 2172; x_wconf 89' lang='lat' dir='ltr'><strong>suo</strong></span> <span class='ocrx_word' id='word_1_111' title='bbox 1858 2135 2053 2179; x_wconf 83' lang='lat' dir='ltr'><strong>habuerat,</strong></span> <span class='ocrx_word' id='word_1_112' title='bbox 2072 2135 2269 2177; x_wconf 87' lang='lat' dir='ltr'><strong>redderet;</strong></span> <span class='ocrx_word' id='word_1_113' title='bbox 2298 2138 2337 2170; x_wconf 88' lang='lat' dir='ltr'><strong>et</strong></span> 
     </span>
     <span class='ocr_line' id='line_1_12' title="bbox 376 2203 1168 2254; baseline 0 -14"><span class='ocrx_word' id='word_1_114' title='bbox 376 2205 442 2240; x_wconf 88' lang='lat' dir='ltr'><strong>xii.</strong></span> <span class='ocrx_word' id='word_1_115' title='bbox 460 2216 607 2242; x_wconf 89' lang='lat' dir='ltr'><strong>marcas</strong></span> <span class='ocrx_word' id='word_1_116' title='bbox 626 2205 708 2242; x_wconf 91' lang='lat' dir='ltr'><strong>auri</strong></span> <span class='ocrx_word' id='word_1_117' title='bbox 727 2204 889 2254; x_wconf 88' lang='lat' dir='ltr'><strong>singulis</strong></span> <span class='ocrx_word' id='word_1_118' title='bbox 908 2215 1029 2241; x_wconf 90' lang='lat' dir='ltr'><strong>annus</strong></span> <span class='ocrx_word' id='word_1_119' title='bbox 1048 2203 1168 2241; x_wconf 89' lang='lat' dir='ltr'><strong>daret.</strong></span> 
     </span>
    </p>

    <p class='ocr_par' dir='ltr' id='par_1_6' title="bbox 429 2267 1992 2310">
     <span class='ocr_line' id='line_1_13' title="bbox 429 2267 1992 2310; baseline -0.003 -2"><span class='ocrx_word' id='word_1_120' title='bbox 429 2271 545 2309; x_wconf 92' lang='lat' dir='ltr'><strong>Anno</strong></span> <span class='ocrx_word' id='word_1_121' title='bbox 566 2271 792 2310; x_wconf 68' lang='lat' dir='ltr'><strong>ivi-cxxxviii.</strong></span> <span class='ocrx_word' id='word_1_122' title='bbox 810 2283 878 2307; x_wconf 89' lang='lat' dir='ltr'><strong>rex</strong></span> <span class='ocrx_word' id='word_1_123' title='bbox 897 2269 1032 2308; x_wconf 89' lang='lat' dir='ltr'><strong>David</strong></span> <span class='ocrx_word' id='word_1_124' title='bbox 1050 2268 1316 2308; x_wconf 83' lang='lat' dir='ltr'><strong>miserabiliter</strong></span> <span class='ocrx_word' id='word_1_125' title='bbox 1335 2269 1502 2306; x_wconf 82' lang='lat' dir='ltr'><strong>uastauit</strong></span> <span class='ocrx_word' id='word_1_126' title='bbox 1523 2267 1840 2305; x_wconf 88' lang='lat' dir='ltr'><strong>Northumbriam</strong></span> <span class='ocrx_word' id='word_1_127' title='bbox 1859 2271 1992 2305; x_wconf 90' lang='lat' dir='ltr'><strong>totam.</strong></span> 
     </span>
    </p>

    <p class='ocr_par' dir='ltr' id='par_1_7' title="bbox 374 2333 2337 2440">
     <span class='ocr_line' id='line_1_14' title="bbox 430 2333 2337 2387; baseline -0.003 -13"><span class='ocrx_word' id='word_1_128' title='bbox 430 2337 515 2374; x_wconf 89' lang='lat' dir='ltr'><strong>Rex</strong></span> <span class='ocrx_word' id='word_1_129' title='bbox 536 2337 750 2386; x_wconf 86' lang='lat' dir='ltr'><strong>Stephanus</strong></span> <span class='ocrx_word' id='word_1_130' title='bbox 763 2338 804 2374; x_wconf 91' lang='lat' dir='ltr'><strong>in</strong></span> <span class='ocrx_word' id='word_1_131' title='bbox 816 2337 942 2387; x_wconf 90' lang='lat' dir='ltr'><strong>capite</strong></span> <span class='ocrx_word' id='word_1_132' title='bbox 955 2336 1094 2387; x_wconf 87' lang='lat' dir='ltr'><strong>jeiunii</strong></span> <span class='ocrx_word' id='word_1_133' title='bbox 1110 2348 1198 2374; x_wconf 90' lang='lat' dir='ltr'><strong>cum</strong></span> <span class='ocrx_word' id='word_1_134' title='bbox 1212 2335 1407 2373; x_wconf 83' lang='lat' dir='ltr'><strong>excercitu</strong></span> <span class='ocrx_word' id='word_1_135' title='bbox 1421 2347 1562 2384; x_wconf 91' lang='lat' dir='ltr'><strong>magno</strong></span> <span class='ocrx_word' id='word_1_136' title='bbox 1574 2335 1731 2372; x_wconf 87' lang='lat' dir='ltr'><strong>veniens</strong></span> <span class='ocrx_word' id='word_1_137' title='bbox 1751 2333 2007 2383; x_wconf 85' lang='lat' dir='ltr'><strong>Rokesburgh</strong></span> <span class='ocrx_word' id='word_1_138' title='bbox 2019 2345 2107 2371; x_wconf 85' lang='lat' dir='ltr'><strong>cum</strong></span> <span class='ocrx_word' id='word_1_139' title='bbox 2126 2333 2337 2382; x_wconf 87' lang='lat' dir='ltr'><strong>ignominia</strong></span> 
     </span>
     <span class='ocr_line' id='line_1_15' title="bbox 374 2404 647 2440; baseline -0.004 0"><span class='ocrx_word' id='word_1_140' title='bbox 374 2404 503 2440; x_wconf 88' lang='lat' dir='ltr'><strong>statim</strong></span> <span class='ocrx_word' id='word_1_141' title='bbox 520 2404 647 2440; x_wconf 89' lang='lat' dir='ltr'><strong>rediit.</strong></span> 
     </span>
    </p>

    <p class='ocr_par' dir='ltr' id='par_1_8' title="bbox 377 2463 2334 2584">
     <span class='ocr_line' id='line_1_16' title="bbox 429 2463 2334 2517; baseline -0.003 -11"><span class='ocrx_word' id='word_1_142' title='bbox 429 2470 545 2506; x_wconf 89' lang='lat' dir='ltr'><strong>Anno</strong></span> <span class='ocrx_word' id='word_1_143' title='bbox 565 2469 762 2506; x_wconf 58' lang='lat' dir='ltr'><strong>mcxxxix.</strong></span> <span class='ocrx_word' id='word_1_144' title='bbox 779 2480 856 2517; x_wconf 89' lang='lat' dir='ltr'><strong>pax</strong></span> <span class='ocrx_word' id='word_1_145' title='bbox 874 2467 977 2506; x_wconf 84' lang='lat' dir='ltr'><strong>facta</strong></span> <span class='ocrx_word' id='word_1_146' title='bbox 994 2472 1053 2505; x_wconf 90' lang='lat' dir='ltr'><strong>est</strong></span> <span class='ocrx_word' id='word_1_147' title='bbox 1070 2468 1170 2504; x_wconf 90' lang='lat' dir='ltr'><strong>inter</strong></span> <span class='ocrx_word' id='word_1_148' title='bbox 1188 2467 1285 2504; x_wconf 88' lang='lat' dir='ltr'><strong>duos</strong></span> <span class='ocrx_word' id='word_1_149' title='bbox 1302 2478 1413 2516; x_wconf 90' lang='lat' dir='ltr'><strong>reges</strong></span> <span class='ocrx_word' id='word_1_150' title='bbox 1432 2467 1628 2504; x_wconf 88' lang='lat' dir='ltr'><strong>instancea</strong></span> <span class='ocrx_word' id='word_1_151' title='bbox 1646 2465 1790 2515; x_wconf 87' lang='lat' dir='ltr'><strong>regine,</strong></span> <span class='ocrx_word' id='word_1_152' title='bbox 1811 2470 1850 2502; x_wconf 93' lang='lat' dir='ltr'><strong>et</strong></span> <span class='ocrx_word' id='word_1_153' title='bbox 1870 2463 2148 2502; x_wconf 86' lang='lat' dir='ltr'><strong>Northumbria</strong></span> <span class='ocrx_word' id='word_1_154' title='bbox 2169 2464 2259 2501; x_wconf 86' lang='lat' dir='ltr'><strong>data</strong></span> <span class='ocrx_word' id='word_1_155' title='bbox 2277 2469 2334 2500; x_wconf 88' lang='lat' dir='ltr'><strong>est</strong></span> 
     </span>
     <span class='ocr_line' id='line_1_17' title="bbox 377 2533 934 2584; baseline -0.002 -13"><span class='ocrx_word' id='word_1_156' title='bbox 377 2535 549 2573; x_wconf 87' lang='lat' dir='ltr'><strong>Henrico</strong></span> <span class='ocrx_word' id='word_1_157' title='bbox 568 2535 648 2572; x_wconf 86' lang='lat' dir='ltr'><strong>filio</strong></span> <span class='ocrx_word' id='word_1_158' title='bbox 666 2534 769 2584; x_wconf 87' lang='lat' dir='ltr'><strong>regis</strong></span> <span class='ocrx_word' id='word_1_159' title='bbox 788 2533 934 2571; x_wconf 88' lang='lat' dir='ltr'><strong>David.</strong></span> 
     </span>
    </p>

    <p class='ocr_par' dir='ltr' id='par_1_9' title="bbox 377 2595 2331 2715">
     <span class='ocr_line' id='line_1_18' title="bbox 429 2595 2331 2648; baseline -0.003 -11"><span class='ocrx_word' id='word_1_160' title='bbox 429 2601 545 2638; x_wconf 93' lang='lat' dir='ltr'><strong>Anno</strong></span> <span class='ocrx_word' id='word_1_161' title='bbox 565 2600 761 2639; x_wconf 85' lang='lat' dir='ltr'><strong>M.clxxxv.</strong></span> <span class='ocrx_word' id='word_1_162' title='bbox 791 2599 984 2637; x_wconf 92' lang='lat' dir='ltr'><strong>Henricus</strong></span> <span class='ocrx_word' id='word_1_163' title='bbox 1010 2610 1078 2636; x_wconf 90' lang='lat' dir='ltr'><strong>rex</strong></span> <span class='ocrx_word' id='word_1_164' title='bbox 1107 2598 1250 2648; x_wconf 84' lang='lat' dir='ltr'><strong>Anglie</strong></span> <span class='ocrx_word' id='word_1_165' title='bbox 1278 2598 1502 2635; x_wconf 89' lang='lat' dir='ltr'><strong>comitatum</strong></span> <span class='ocrx_word' id='word_1_166' title='bbox 1530 2597 1578 2634; x_wconf 89' lang='lat' dir='ltr'><strong>de</strong></span> <span class='ocrx_word' id='word_1_167' title='bbox 1610 2596 1862 2634; x_wconf 89' lang='lat' dir='ltr'><strong>Huntedonia</strong></span> <span class='ocrx_word' id='word_1_168' title='bbox 1887 2596 2014 2633; x_wconf 87' lang='lat' dir='ltr'><strong>reddit</strong></span> <span class='ocrx_word' id='word_1_169' title='bbox 2036 2595 2229 2633; x_wconf 90' lang='lat' dir='ltr'><strong>Willelmo</strong></span> <span class='ocrx_word' id='word_1_170' title='bbox 2248 2596 2331 2645; x_wconf 88' lang='lat' dir='ltr'><strong>regi</strong></span> 
     </span>
     <span class='ocr_line' id='line_1_19' title="bbox 377 2661 2194 2715; baseline -0.004 -10"><span class='ocrx_word' id='word_1_171' title='bbox 377 2668 596 2705; x_wconf 84' lang='lat' dir='ltr'><strong>Scottorum</strong></span> <span class='ocrx_word' id='word_1_172' title='bbox 613 2666 822 2704; x_wconf 88' lang='lat' dir='ltr'><strong>honorifice</strong></span> <span class='ocrx_word' id='word_1_173' title='bbox 840 2671 879 2703; x_wconf 90' lang='lat' dir='ltr'><strong>et</strong></span> <span class='ocrx_word' id='word_1_174' title='bbox 895 2665 1076 2715; x_wconf 85' lang='lat' dir='ltr'><strong>plenarie,</strong></span> <span class='ocrx_word' id='word_1_175' title='bbox 1096 2665 1196 2703; x_wconf 88' lang='lat' dir='ltr'><strong>sicut</strong></span> <span class='ocrx_word' id='word_1_176' title='bbox 1214 2665 1295 2713; x_wconf 89' lang='lat' dir='ltr'><strong>ipse</strong></span> <span class='ocrx_word' id='word_1_177' title='bbox 1312 2664 1447 2702; x_wconf 91' lang='lat' dir='ltr'><strong>habuit</strong></span> <span class='ocrx_word' id='word_1_178' title='bbox 1465 2668 1554 2701; x_wconf 90' lang='lat' dir='ltr'><strong>ante</strong></span> <span class='ocrx_word' id='word_1_179' title='bbox 1572 2675 1760 2714; x_wconf 87' lang='lat' dir='ltr'><strong>guerram,</strong></span> <span class='ocrx_word' id='word_1_180' title='bbox 1780 2662 1883 2712; x_wconf 91' lang='lat' dir='ltr'><strong>apud</strong></span> <span class='ocrx_word' id='word_1_181' title='bbox 1903 2661 2194 2699; x_wconf 86' lang='lat' dir='ltr'><strong>Windelesofre.</strong></span> 
     </span>
    </p>

    <p class='ocr_par' dir='ltr' id='par_1_10' title="bbox 375 2729 2331 2982">
     <span class='ocr_line' id='line_1_20' title="bbox 430 2729 2331 2779; baseline -0.004 -8"><span class='ocrx_word' id='word_1_182' title='bbox 430 2734 546 2771; x_wconf 92' lang='lat' dir='ltr'><strong>Anno</strong></span> <span class='ocrx_word' id='word_1_183' title='bbox 566 2744 694 2771; x_wconf 85' lang='lat' dir='ltr'><strong>M.cxc.</strong></span> <span class='ocrx_word' id='word_1_184' title='bbox 717 2732 932 2770; x_wconf 89' lang='lat' dir='ltr'><strong>Willelmus</strong></span> <span class='ocrx_word' id='word_1_185' title='bbox 950 2744 1019 2769; x_wconf 88' lang='lat' dir='ltr'><strong>rex</strong></span> <span class='ocrx_word' id='word_1_186' title='bbox 1040 2731 1260 2770; x_wconf 87' lang='lat' dir='ltr'><strong>Scottorum</strong></span> <span class='ocrx_word' id='word_1_187' title='bbox 1274 2730 1383 2768; x_wconf 85' lang='lat' dir='ltr'><strong>dedit</strong></span> <span class='ocrx_word' id='word_1_188' title='bbox 1404 2730 1572 2768; x_wconf 87' lang='lat' dir='ltr'><strong>Ricardo</strong></span> <span class='ocrx_word' id='word_1_189' title='bbox 1590 2731 1674 2779; x_wconf 91' lang='lat' dir='ltr'><strong>regi</strong></span> <span class='ocrx_word' id='word_1_190' title='bbox 1690 2729 1906 2779; x_wconf 88' lang='lat' dir='ltr'><strong>Anglorum</strong></span> <span class='ocrx_word' id='word_1_191' title='bbox 1919 2741 1956 2765; x_wconf 87' lang='lat' dir='ltr'><strong>x.</strong></span> <span class='ocrx_word' id='word_1_192' title='bbox 1971 2729 2076 2766; x_wconf 86' lang='lat' dir='ltr'><strong>milia</strong></span> <span class='ocrx_word' id='word_1_193' title='bbox 2089 2740 2235 2767; x_wconf 84' lang='lat' dir='ltr'><strong>marcas</strong></span> <span class='ocrx_word' id='word_1_194' title='bbox 2247 2730 2331 2766; x_wconf 87' lang='lat' dir='ltr'><strong>auri</strong></span> 
     </span>
     <span class='ocr_line' id='line_1_21' title="bbox 375 2795 2330 2850; baseline -0.003 -13"><span class='ocrx_word' id='word_1_195' title='bbox 375 2805 413 2837; x_wconf 87' lang='lat' dir='ltr'><strong>et</strong></span> <span class='ocrx_word' id='word_1_196' title='bbox 441 2800 590 2850; x_wconf 87' lang='lat' dir='ltr'><strong>argenti</strong></span> <span class='ocrx_word' id='word_1_197' title='bbox 607 2803 763 2848; x_wconf 91' lang='lat' dir='ltr'><strong>propter</strong></span> <span class='ocrx_word' id='word_1_198' title='bbox 789 2799 984 2836; x_wconf 84' lang='lat' dir='ltr'><strong>libertates</strong></span> <span class='ocrx_word' id='word_1_199' title='bbox 1003 2802 1042 2835; x_wconf 90' lang='lat' dir='ltr'><strong>et</strong></span> <span class='ocrx_word' id='word_1_200' title='bbox 1060 2798 1268 2848; x_wconf 85' lang='lat' dir='ltr'><strong>dignitates</strong></span> <span class='ocrx_word' id='word_1_201' title='bbox 1296 2809 1342 2835; x_wconf 89' lang='lat' dir='ltr'><strong>ac</strong></span> <span class='ocrx_word' id='word_1_202' title='bbox 1360 2796 1523 2834; x_wconf 89' lang='lat' dir='ltr'><strong>honores</strong></span> <span class='ocrx_word' id='word_1_203' title='bbox 1550 2808 1639 2834; x_wconf 90' lang='lat' dir='ltr'><strong>suos</strong></span> <span class='ocrx_word' id='word_1_204' title='bbox 1666 2808 1762 2845; x_wconf 91' lang='lat' dir='ltr'><strong>quos</strong></span> <span class='ocrx_word' id='word_1_205' title='bbox 1789 2795 1923 2833; x_wconf 89' lang='lat' dir='ltr'><strong>habuit</strong></span> <span class='ocrx_word' id='word_1_206' title='bbox 1950 2800 2038 2833; x_wconf 89' lang='lat' dir='ltr'><strong>ante</strong></span> <span class='ocrx_word' id='word_1_207' title='bbox 2066 2806 2243 2845; x_wconf 88' lang='lat' dir='ltr'><strong>guerram</strong></span> <span class='ocrx_word' id='word_1_208' title='bbox 2260 2807 2330 2844; x_wconf 89' lang='lat' dir='ltr'><strong>pro</strong></span> 
     </span>
     <span class='ocr_line' id='line_1_22' title="bbox 377 2860 2330 2915; baseline -0.003 -13"><span class='ocrx_word' id='word_1_209' title='bbox 377 2866 549 2904; x_wconf 88' lang='lat' dir='ltr'><strong>Berewic</strong></span> <span class='ocrx_word' id='word_1_210' title='bbox 576 2870 616 2903; x_wconf 91' lang='lat' dir='ltr'><strong>et</strong></span> <span class='ocrx_word' id='word_1_211' title='bbox 636 2864 904 2915; x_wconf 87' lang='lat' dir='ltr'><strong>Rokesburgh,</strong></span> <span class='ocrx_word' id='word_1_212' title='bbox 932 2877 1026 2915; x_wconf 84' lang='lat' dir='ltr'><strong>quas</strong></span> <span class='ocrx_word' id='word_1_213' title='bbox 1047 2863 1239 2902; x_wconf 89' lang='lat' dir='ltr'><strong>Henricus</strong></span> <span class='ocrx_word' id='word_1_214' title='bbox 1265 2875 1333 2900; x_wconf 88' lang='lat' dir='ltr'><strong>rex</strong></span> <span class='ocrx_word' id='word_1_215' title='bbox 1349 2874 1419 2912; x_wconf 87' lang='lat' dir='ltr'><strong>per</strong></span> <span class='ocrx_word' id='word_1_216' title='bbox 1445 2863 1522 2900; x_wconf 88' lang='lat' dir='ltr'><strong>xvi.</strong></span> <span class='ocrx_word' id='word_1_217' title='bbox 1541 2875 1660 2900; x_wconf 87' lang='lat' dir='ltr'><strong>annos</strong></span> <span class='ocrx_word' id='word_1_218' title='bbox 1679 2861 1866 2899; x_wconf 87' lang='lat' dir='ltr'><strong>uiolenter</strong></span> <span class='ocrx_word' id='word_1_219' title='bbox 1893 2862 2069 2906; x_wconf 89' lang='lat' dir='ltr'><strong>detinuit,</strong></span> <span class='ocrx_word' id='word_1_220' title='bbox 2089 2865 2128 2898; x_wconf 91' lang='lat' dir='ltr'><strong>et</strong></span> <span class='ocrx_word' id='word_1_221' title='bbox 2155 2861 2221 2906; x_wconf 88' lang='lat' dir='ltr'><strong>sic,</strong></span> <span class='ocrx_word' id='word_1_222' title='bbox 2243 2860 2330 2898; x_wconf 91' lang='lat' dir='ltr'><strong>Deo</strong></span> 
     </span>
     <span class='ocr_line' id='line_1_23' title="bbox 376 2927 2330 2982; baseline -0.003 -13"><span class='ocrx_word' id='word_1_223' title='bbox 376 2932 618 2982; x_wconf 85' lang='lat' dir='ltr'><strong>suffragante,</strong></span> <span class='ocrx_word' id='word_1_224' title='bbox 635 2932 716 2969; x_wconf 89' lang='lat' dir='ltr'><strong>eius</strong></span> <span class='ocrx_word' id='word_1_225' title='bbox 735 2930 1006 2969; x_wconf 88' lang='lat' dir='ltr'><strong>dominationis</strong></span> <span class='ocrx_word' id='word_1_226' title='bbox 1018 2934 1057 2967; x_wconf 89' lang='lat' dir='ltr'><strong>et</strong></span> <span class='ocrx_word' id='word_1_227' title='bbox 1070 2930 1265 2968; x_wconf 86' lang='lat' dir='ltr'><strong>seruitutis</strong></span> <span class='ocrx_word' id='word_1_228' title='bbox 1283 2930 1417 2979; x_wconf 88' lang='lat' dir='ltr'><strong>iugum</strong></span> <span class='ocrx_word' id='word_1_229' title='bbox 1434 2940 1564 2979; x_wconf 85' lang='lat' dir='ltr'><strong>graue,</strong></span> <span class='ocrx_word' id='word_1_230' title='bbox 1579 2941 1603 2966; x_wconf 84' lang='lat' dir='ltr'><strong>a</strong></span> <span class='ocrx_word' id='word_1_231' title='bbox 1615 2940 1735 2978; x_wconf 88' lang='lat' dir='ltr'><strong>regno</strong></span> <span class='ocrx_word' id='word_1_232' title='bbox 1753 2927 1972 2966; x_wconf 90' lang='lat' dir='ltr'><strong>Scottorum</strong></span> <span class='ocrx_word' id='word_1_233' title='bbox 1989 2927 2106 2977; x_wconf 90' lang='lat' dir='ltr'><strong>digne</strong></span> <span class='ocrx_word' id='word_1_234' title='bbox 2119 2931 2158 2964; x_wconf 91' lang='lat' dir='ltr'><strong>et</strong></span> <span class='ocrx_word' id='word_1_235' title='bbox 2176 2927 2330 2965; x_wconf 87' lang='lat' dir='ltr'><strong>honori-</strong></span> 
     </span>
    </p>
   </div>
   <div class='ocr_carea' id='block_1_4' title="bbox 376 2998 2331 3112">
    <p class='ocr_par' dir='ltr' id='par_1_11' title="bbox 376 2998 2331 3112">
     <span class='ocr_line' id='line_1_24' title="bbox 376 2998 672 3036; baseline -0.007 0"><span class='ocrx_word' id='word_1_236' title='bbox 376 2999 448 3036; x_wconf 90' lang='lat' dir='ltr'><strong>fice</strong></span> <span class='ocrx_word' id='word_1_237' title='bbox 467 2998 672 3035; x_wconf 88' lang='lat' dir='ltr'><strong>submouit.</strong></span> 
     </span>
     <span class='ocr_line' id='line_1_25' title="bbox 432 3059 2331 3112; baseline -0.002 -11"><span class='ocrx_word' id='word_1_238' title='bbox 432 3064 549 3102; x_wconf 90' lang='lat' dir='ltr'><strong>Anno</strong></span> <span class='ocrx_word' id='word_1_239' title='bbox 577 3064 719 3101; x_wconf 56' lang='lat' dir='ltr'><strong>Mecix.</strong></span> <span class='ocrx_word' id='word_1_240' title='bbox 746 3062 773 3100; x_wconf 90' lang='lat' dir='ltr'>J</span> <span class='ocrx_word' id='word_1_241' title='bbox 775 3063 942 3100; x_wconf 87' lang='lat' dir='ltr'><strong>ohannes</strong></span> <span class='ocrx_word' id='word_1_242' title='bbox 968 3074 1036 3099; x_wconf 89' lang='lat' dir='ltr'><strong>rex</strong></span> <span class='ocrx_word' id='word_1_243' title='bbox 1066 3061 1208 3112; x_wconf 90' lang='lat' dir='ltr'><strong>Anglie</strong></span> <span class='ocrx_word' id='word_1_244' title='bbox 1235 3061 1433 3099; x_wconf 86' lang='lat' dir='ltr'><strong>mandauit</strong></span> <span class='ocrx_word' id='word_1_245' title='bbox 1463 3059 1657 3097; x_wconf 92' lang='lat' dir='ltr'><strong>Willelmo</strong></span> <span class='ocrx_word' id='word_1_246' title='bbox 1688 3059 1821 3098; x_wconf 88' lang='lat' dir='ltr'><strong>Scocie</strong></span> <span class='ocrx_word' id='word_1_247' title='bbox 1848 3064 1892 3096; x_wconf 92' lang='lat' dir='ltr'><strong>ut</strong></span> <span class='ocrx_word' id='word_1_248' title='bbox 1919 3059 1955 3096; x_wconf 88' lang='lat' dir='ltr'><strong>ei</strong></span> <span class='ocrx_word' id='word_1_249' title='bbox 1983 3064 2200 3097; x_wconf 86' lang='lat' dir='ltr'><strong>occurreret</strong></span> <span class='ocrx_word' id='word_1_250' title='bbox 2227 3060 2331 3109; x_wconf 88' lang='lat' dir='ltr'><strong>apud</strong></span> 
     </span>
    </p>
   </div>
   <div class='ocr_carea' id='block_1_5' title="bbox 378 3117 2330 3380">
    <p class='ocr_par' dir='ltr' id='par_1_12' title="bbox 378 3117 2330 3380">
     <span class='ocr_line' id='line_1_26' title="bbox 381 3117 2329 3176; baseline -0.002 -8"><span class='ocrx_word' id='word_1_251' title='bbox 381 3117 539 3168; x_wconf 83' lang='lat' dir='ltr'><strong>Nouum</strong></span> <span class='ocrx_word' id='word_1_252' title='bbox 560 3129 778 3174; x_wconf 88' lang='lat' dir='ltr'><strong>Castellum,</strong></span> <span class='ocrx_word' id='word_1_253' title='bbox 798 3133 837 3166; x_wconf 90' lang='lat' dir='ltr'><strong>et</strong></span> <span class='ocrx_word' id='word_1_254' title='bbox 856 3129 1109 3166; x_wconf 86' lang='lat' dir='ltr'><strong>obuiauerunt</strong></span> <span class='ocrx_word' id='word_1_255' title='bbox 1127 3128 1304 3166; x_wconf 84' lang='lat' dir='ltr'><strong>aduicem</strong></span> <span class='ocrx_word' id='word_1_256' title='bbox 1318 3126 1502 3176; x_wconf 88' lang='lat' dir='ltr'><strong>Boyltun.</strong></span> <span class='ocrx_word' id='word_1_257' title='bbox 1531 3125 1616 3163; x_wconf 88' lang='lat' dir='ltr'><strong>Rex</strong></span> <span class='ocrx_word' id='word_1_258' title='bbox 1633 3126 1763 3176; x_wconf 89' lang='lat' dir='ltr'><strong>itaque</strong></span> <span class='ocrx_word' id='word_1_259' title='bbox 1780 3124 1998 3163; x_wconf 86' lang='lat' dir='ltr'><strong>Scottorum</strong></span> <span class='ocrx_word' id='word_1_260' title='bbox 2012 3125 2227 3163; x_wconf 89' lang='lat' dir='ltr'><strong>Willelmus</strong></span> <span class='ocrx_word' id='word_1_261' title='bbox 2240 3138 2329 3176; x_wconf 90' lang='lat' dir='ltr'><strong>pro-</strong></span> 
     </span>
     <span class='ocr_line' id='line_1_27' title="bbox 379 3191 2330 3246; baseline -0.003 -11"><span class='ocrx_word' id='word_1_262' title='bbox 379 3198 503 3242; x_wconf 88' lang='lat' dir='ltr'><strong>cessit,</strong></span> <span class='ocrx_word' id='word_1_263' title='bbox 522 3201 562 3235; x_wconf 90' lang='lat' dir='ltr'><strong>et</strong></span> <span class='ocrx_word' id='word_1_264' title='bbox 578 3209 647 3234; x_wconf 91' lang='lat' dir='ltr'><strong>rex</strong></span> <span class='ocrx_word' id='word_1_265' title='bbox 666 3195 809 3246; x_wconf 88' lang='lat' dir='ltr'><strong>Anglie</strong></span> <span class='ocrx_word' id='word_1_266' title='bbox 827 3195 933 3233; x_wconf 87' lang='lat' dir='ltr'><strong>venit</strong></span> <span class='ocrx_word' id='word_1_267' title='bbox 950 3206 1071 3245; x_wconf 90' lang='lat' dir='ltr'><strong>usque</strong></span> <span class='ocrx_word' id='word_1_268' title='bbox 1089 3194 1140 3233; x_wconf 85' lang='lat' dir='ltr'><strong>ad</strong></span> <span class='ocrx_word' id='word_1_269' title='bbox 1154 3193 1339 3239; x_wconf 84' lang='lat' dir='ltr'><strong>Norham,</strong></span> <span class='ocrx_word' id='word_1_270' title='bbox 1358 3193 1410 3230; x_wconf 86' lang='lat' dir='ltr'><strong>ix.</strong></span> <span class='ocrx_word' id='word_1_271' title='bbox 1428 3192 1503 3231; x_wconf 76' lang='lat' dir='ltr'><strong>kal.</strong></span> <span class='ocrx_word' id='word_1_272' title='bbox 1522 3192 1629 3238; x_wconf 82' lang='lat' dir='ltr'><strong>Maii,</strong></span> <span class='ocrx_word' id='word_1_273' title='bbox 1648 3191 1743 3230; x_wconf 83' lang='lat' dir='ltr'><strong>feria</strong></span> <span class='ocrx_word' id='word_1_274' title='bbox 1759 3192 1841 3237; x_wconf 48' lang='lat' dir='ltr'><strong>vn„</strong></span> <span class='ocrx_word' id='word_1_275' title='bbox 1860 3196 1899 3230; x_wconf 87' lang='lat' dir='ltr'><strong>et</strong></span> <span class='ocrx_word' id='word_1_276' title='bbox 1916 3196 1998 3230; x_wconf 83' lang='lat' dir='ltr'><strong>tam</strong></span> <span class='ocrx_word' id='word_1_277' title='bbox 2015 3193 2056 3229; x_wconf 88' lang='lat' dir='ltr'><strong>in</strong></span> <span class='ocrx_word' id='word_1_278' title='bbox 2068 3192 2195 3230; x_wconf 90' lang='lat' dir='ltr'><strong>reditu</strong></span> <span class='ocrx_word' id='word_1_279' title='bbox 2213 3204 2330 3243; x_wconf 87' lang='lat' dir='ltr'><strong>quam</strong></span> 
     </span>
     <span class='ocr_line' id='line_1_28' title="bbox 379 3257 2328 3312; baseline -0.002 -12"><span class='ocrx_word' id='word_1_280' title='bbox 379 3264 420 3300; x_wconf 91' lang='lat' dir='ltr'><strong>in</strong></span> <span class='ocrx_word' id='word_1_281' title='bbox 443 3263 606 3301; x_wconf 86' lang='lat' dir='ltr'><strong>transitu</strong></span> <span class='ocrx_word' id='word_1_282' title='bbox 623 3263 836 3312; x_wconf 84' lang='lat' dir='ltr'><strong>hospitatus</strong></span> <span class='ocrx_word' id='word_1_283' title='bbox 863 3266 922 3299; x_wconf 89' lang='lat' dir='ltr'><strong>est</strong></span> <span class='ocrx_word' id='word_1_284' title='bbox 947 3261 1050 3311; x_wconf 87' lang='lat' dir='ltr'><strong>apud</strong></span> <span class='ocrx_word' id='word_1_285' title='bbox 1070 3261 1231 3299; x_wconf 84' lang='lat' dir='ltr'><strong>Anewic</strong></span> <span class='ocrx_word' id='word_1_286' title='bbox 1256 3260 1419 3310; x_wconf 83' lang='lat' dir='ltr'><strong>propriis</strong></span> <span class='ocrx_word' id='word_1_287' title='bbox 1446 3259 1631 3310; x_wconf 86' lang='lat' dir='ltr'><strong>expensis,</strong></span> <span class='ocrx_word' id='word_1_288' title='bbox 1651 3263 1690 3296; x_wconf 89' lang='lat' dir='ltr'><strong>et</strong></span> <span class='ocrx_word' id='word_1_289' title='bbox 1716 3258 1930 3296; x_wconf 82' lang='lat' dir='ltr'><strong>habuenmt</strong></span> <span class='ocrx_word' id='word_1_290' title='bbox 1956 3257 2189 3309; x_wconf 90' lang='lat' dir='ltr'><strong>colloquium</strong></span> <span class='ocrx_word' id='word_1_291' title='bbox 2215 3259 2328 3297; x_wconf 87' lang='lat' dir='ltr'><strong>ambo</strong></span> 
     </span>
     <span class='ocr_line' id='line_1_29' title="bbox 378 3324 2029 3380; baseline -0.002 -14"><span class='ocrx_word' id='word_1_292' title='bbox 378 3341 487 3380; x_wconf 87' lang='lat' dir='ltr'><strong>reges</strong></span> <span class='ocrx_word' id='word_1_293' title='bbox 505 3330 609 3380; x_wconf 86' lang='lat' dir='ltr'><strong>apud</strong></span> <span class='ocrx_word' id='word_1_294' title='bbox 625 3330 854 3379; x_wconf 74' lang='lat' dir='ltr'><strong>praedictum</strong></span> <span class='ocrx_word' id='word_1_295' title='bbox 871 3328 1079 3375; x_wconf 83' lang='lat' dir='ltr'><strong>castellum,</strong></span> <span class='ocrx_word' id='word_1_296' title='bbox 1099 3332 1138 3366; x_wconf 90' lang='lat' dir='ltr'><strong>et</strong></span> <span class='ocrx_word' id='word_1_297' title='bbox 1155 3326 1298 3366; x_wconf 84' lang='lat' dir='ltr'><strong>infecto</strong></span> <span class='ocrx_word' id='word_1_298' title='bbox 1316 3326 1479 3378; x_wconf 87' lang='lat' dir='ltr'><strong>negocio</strong></span> <span class='ocrx_word' id='word_1_299' title='bbox 1497 3326 1755 3366; x_wconf 82' lang='lat' dir='ltr'><strong>discescerunt</strong></span> <span class='ocrx_word' id='word_1_300' title='bbox 1771 3324 1824 3362; x_wconf 87' lang='lat' dir='ltr'><strong>vi.</strong></span> <span class='ocrx_word' id='word_1_301' title='bbox 1842 3324 1917 3364; x_wconf 85' lang='lat' dir='ltr'><strong>kal.</strong></span> <span class='ocrx_word' id='word_1_302' title='bbox 1935 3324 2029 3364; x_wconf 85' lang='lat' dir='ltr'><strong>Mai.</strong></span> 
     </span>
    </p>
   </div>
   <div class='ocr_carea' id='block_1_6' title="bbox 815 3398 904 3443">
    <p class='ocr_par' dir='ltr' id='par_1_13' title="bbox 815 3398 904 3443">
     <span class='ocr_line' id='line_1_30' title="bbox 815 3398 904 3443; baseline 0.011 -1"><span class='ocrx_word' id='word_1_303' title='bbox 815 3398 904 3443; x_wconf 67' lang='lat'><strong>21³</strong></span> 
     </span>
    </p>
   </div>
  </div>
 </body>
</html>
