2852 3874
134 1985 193 2020 sol.
214 1987 271 2019 23.

374 485 506 535 A.D.
550 489 691 534 1184.
831 482 1258 535 CHRONICA
1302 482 1404 534 DE
1448 481 1837 534 MAILROS.
2236 490 2300 540 93

436 625 571 675 Obiit
599 623 782 675 Simon¹
812 625 1057 691 episcopus
1081 624 1318 681 Mureuie,
1349 623 1504 674 nostre
1534 622 1933 690 congregationis,
1964 639 2039 672 xv.
2071 623 2300 673 kalendas

371 704 597 755 O6tobris
624 705 763 772 [Sep.
794 705 895 771 17].

436 783 803 834 Controverfia*
830 801 924 850 que
947 784 1038 833 fuit
1059 784 1181 833 inter
1203 781 1448 833 ecclesiam
1470 782 1531 832 de
1556 781 1736 832 Melros
1759 789 1807 831 et
1828 781 2043 832 homines
2066 782 2127 831 de
2154 781 2301 831 Wed-

366 863 514 912 halem
536 864 673 929 super
695 863 933 929 pasturam
954 862 1126 912 foreste
1148 862 1290 928 regis,
1310 861 1419 910 Deo
1442 861 1720 927 opitulante,
1740 877 1900 910 coram
1923 879 2037 927 rege
2058 861 2300 911 Willelmo

366 949 414 990 et
439 942 602 990 Dauid
625 943 798 991 comite
827 943 972 990 fratre
1002 942 1085 990 suo
1117 949 1165 989 et
1195 957 1356 989 coram
1386 941 1631 1005 episcopis,
1663 940 1928 996 comitibus,
1953 940 2223 998 baronibus,
2252 950 2301 990 et

365 1021 524 1070 multis
552 1021 654 1069 aliis
684 1019 843 1085 probis
872 1019 1156 1075 hominibus,
1180 1019 1227 1067 in
1253 1019 1329 1067 die
1362 1019 1513 1066 sancti
1540 1018 1673 1066 Luce
1700 1019 2022 1084 euuangeliste
2050 1020 2184 1085 [Oct.
2215 1020 2296 1086 18]

365 1101 501 1165 super
523 1098 821 1158 Crofl'eleige,
845 1115 930 1163 per
955 1097 1212 1146 Ricardum
1235 1098 1296 1146 de
1321 1097 1556 1148 Moreuile
1581 1096 1976 1146 constabularium
1999 1099 2123 1164 regis
2147 1107 2195 1148 et
2217 1116 2301 1164 per

367 1178 483 1227 alios
501 1179 581 1243 xij.
606 1178 770 1226 fideles
792 1177 1007 1226 homines
1031 1178 1112 1242 qui
1131 1194 1189 1226 eo
1214 1177 1306 1231 die,
1325 1177 1552 1241 praesente
1571 1193 1700 1241 rege,
1715 1177 1852 1241 super
1869 1177 2090 1241 reliquias
2108 1178 2300 1227 ecclefie

365 1256 520 1305 nostre
544 1274 653 1305 cum
676 1257 844 1304 timore
868 1263 916 1305 et
939 1263 1141 1305 tremore
1159 1256 1451 1321 juraverunt,
1471 1262 1519 1304 et
1542 1255 1768 1303 veraciter
1793 1256 2154 1312 affirmaverunt,
2173 1258 2302 1322 quod

365 1336 537 1384 foresta
568 1336 692 1402 regis
715 1335 867 1384 tendit
897 1336 1044 1400 usque
1077 1335 1138 1383 ad
1161 1335 1286 1383 viam
1318 1351 1411 1399 que
1435 1334 1564 1383 vadit
1596 1335 1657 1382 ad
1689 1335 1985 1383 occidentem
2015 1343 2198 1400 partem
2226 1354 2300 1385 ec-

366 1415 500 1465 clefie
519 1416 658 1464 beate
680 1415 834 1463 Marie
854 1415 913 1464 de
935 1413 1188 1470 Wedhale,
1208 1422 1255 1463 et
1275 1414 1342 1462 est
1360 1413 1549 1479 pastura
1573 1413 1765 1462 ecclefie
1790 1414 1849 1462 de
1867 1414 2046 1463 Melros
2070 1417 2216 1480 usque
2241 1417 2301 1465 ad

364 1496 587 1543 terminos
620 1494 679 1543 de
715 1495 951 1543 Wedhale
984 1502 1032 1543 et
1063 1495 1209 1559 usque
1242 1494 1303 1541 ad
1333 1494 1533 1542 rivulum
1565 1494 1646 1558 qui
1677 1502 1871 1542 vocatur
1905 1494 2205 1551 Fass'eburne,
2244 1514 2301 1545 ex

365 1575 620 1623 donatione
652 1575 792 1622 trium
816 1590 999 1639 regum,
1028 1581 1110 1623 ...¹²
1144 1573 1318 1621 scilicet
1350 1573 1528 1628 Dauid,
1567 1572 1828 1628 Malcolmi,
1858 1573 2100 1630 Willelmi,
2137 1583 2184 1623 et
2217 1592 2300 1640 per

366 1655 448 1719 iiij.
473 1653 565 1702 five
588 1671 631 1701 v.
661 1653 983 1701 Romanorum
1006 1652 1282 1717 pontificum
1305 1651 1567 1717 privilegia,
1591 1652 1782 1700 firmiter
1806 1653 2096 1710 confirmata,
2122 1662 2169 1703 et
2192 1656 2299 1705 irre-

364 1733 655 1798 fragabiliter
679 1733 892 1780 solidata.

434 1812 730 1861 Venerabilis
757 1811 1082 1860 Balduuinus⁰
1118 1811 1365 1876 episcopus
1394 1810 1692 1859 Wirecestrie
1731 1812 1913 1860 electus
1950 1812 2017 1861 est
2055 1814 2115 1861 ad
2153 1815 2299 1862 archi-

291 1913 294 1916 ·
365 1892 687 1957 episcopatum
715 1890 989 1939 Cantuarie.
992 1899 1014 1929 P

437 1971 579 2018 Anno
614 1987 670 2018 M.
675 1970 873 2018 cwlxxxv
913 1969 1029 2017 obiit
1066 1969 1143 2033 pie
1177 1969 1403 2016 memorie
1438 1967 1655 2017 Andreas
1687 1970 1931 2035 episcopus
1962 1971 2021 2019 de
2054 1970 2300 2021 Catenefie

364 2050 429 2115 iij.
455 2049 684 2097 kalendas
709 2048 921 2097 Januarii
950 2048 1095 2113 [Dec.
1122 2047 1207 2112 30]
1237 2047 1364 2112 apud
1390 2047 1735 2096 Dunfermelin.

433 2128 566 2177 Obiit
610 2129 688 2193 pie
734 2128 959 2176 memorie
1010 2126 1277 2175 Willelmus
1324 2127 1565 2192 quondam
1612 2126 1759 2176 abbas
1806 2128 1865 2176 de
1913 2128 2131 2185 Melros,‘1
2176 2133 2301 2195 apud

367 2208 648 2257 Rieuallem.

436 2286 570 2336 Obiit
604 2286 840 2335 Robertus
875 2285 1096 2341 Auenel‚¹'
1125 2285 1353 2341 novicius,
1385 2284 1627 2334 familiaris
1663 2286 1832 2342 noster,
1867 2287 1962 2351 viij.
1999 2287 2104 2336 idus
2140 2288 2302 2337 Martii

370 2366 518 2431 [Mar.
545 2366 618 2430 8].
690 2366 780 2414 Iste
805 2365 935 2413 dedit
962 2365 1071 2413 Deo
1103 2371 1151 2413 et
1182 2365 1344 2413 sancte
1377 2364 1532 2412 Marie
1565 2371 1613 2413 et
1643 2365 1888 2415 monachis
1913 2367 1971 2414 de
2002 2367 2180 2416 Melros
2211 2376 2301 2416 ter-

368 2461 468 2492 ram
502 2446 634 2493 suam
665 2445 725 2492 de
759 2444 1044 2500 Helkedale‚
1075 2443 1192 2492 ficut
1223 2450 1354 2492 carta
1384 2443 1523 2509 ipfius
1554 2444 1776 2500 testatur;
1813 2445 1947 2510 cujus
1971 2445 2112 2494 beata
2144 2447 2300 2495 anima

366 2525 546 2588 semper
569 2524 694 2572 vivat
716 2524 765 2571 in
789 2524 955 2588 gloria.
1306 2505 1317 2522 ⁶

435 2602 652 2650 Eraclius
679 2603 947 2667 patriarcha
980 2601 1393 2658 Ierosolimitanus,
1423 2609 1470 2651 et
1504 2603 1629 2668 prior
1662 2603 1902 2668 hospitalis
1937 2604 1995 2651 de
2033 2604 2298 2661 Ierusalem,

369 2699 477 2730 cum
499 2680 661 2729 labore
686 2689 733 2729 et
757 2697 939 2729 merore
958 2681 1020 2729 ad
1041 2680 1302 2729 Henricum
1319 2698 1482 2746 regem
1500 2682 1548 2730 in
1569 2682 1795 2747 Angliam
1813 2691 2055 2738 venerunt,
2076 2684 2299 2732 auxilium

370 2768 417 2808 et
454 2759 695 2808 confilium
730 2759 967 2807 humiliter
1005 2759 1065 2808 ab
1102 2776 1160 2808 eo
1195 2767 1439 2824 petentes;
1476 2777 1595 2825 quos
1629 2761 1725 2826 ipse
1762 2778 1857 2809 non
1888 2769 1986 2810 tam
2017 2762 2217 2827 gloriose
2252 2771 2299 2811 et

370 2839 539 2888 devote
563 2839 777 2904 suscepit,
801 2846 854 2886 ut
878 2838 1036 2887 decuit
1059 2845 1107 2886 et
1131 2838 1327 2886 debuit.⁸

431 2932 442 2954 ¹
465 2932 584 2967 Simon
601 2932 645 2966 de
665 2931 790 2966 Tonei.
935 2929 962 2945 ¹¹¹
983 2930 1049 2966 See
1066 2930 1235 2965 Morton’s
1251 2930 1405 2966 Monast.
1426 2930 1527 2972 Arm„
1548 2943 1583 2977 p.
1603 2932 1684 2969 217.
1829 2931 1846 2947 ¹²
1868 2932 1902 2966 A
1918 2932 2016 2967 word
2031 2932 2094 2968 has
2111 2932 2195 2968 here
2211 2934 2300 2969 been

367 2987 499 3023 erased.
613 2986 629 3002 ⁰
651 2987 709 3021 An
722 2986 972 3021 unfavourable
989 2986 1167 3021 character
1180 2985 1222 3020 of
1234 2985 1392 3021 Baldwin
1408 2986 1437 3020 is
1453 2986 1554 3031 given
1571 2987 1618 3032 by
1636 2987 1782 3026 Thorne,
1801 2987 1867 3022 col.
1890 2989 1990 3025 1675.
2105 2988 2121 3009 Ρ
2147 2990 2298 3031 Fordun,

365 3044 388 3078 i.
407 3045 488 3084 484,
516 3054 595 3088 says
620 3042 666 3076 he
691 3042 771 3077 died
795 3053 891 3087 upon
915 3041 977 3076 the
1003 3041 1090 3075 29th
1115 3040 1158 3075 of
1177 3041 1392 3081 December;
1418 3042 1482 3075 but
1505 3041 1575 3076 this
1600 3042 1628 3076 is
1653 3042 1821 3088 probably
1844 3054 1889 3077 an
1914 3055 2008 3078 error
2032 3043 2074 3078 os
2091 3043 2152 3079 the
2177 3046 2298 3081 scribe.

365 3098 382 3118 ⁴¹
411 3098 469 3133 He
486 3097 557 3133 had
572 3097 730 3142 resigned
745 3097 799 3131 his
817 3096 916 3132 office
933 3103 970 3131 at
989 3096 1141 3131 Melrose
1165 3096 1201 3130 in
1221 3096 1323 3134 1170.
1467 3095 1481 3111 “’
1509 3097 1727 3142 Concerning
1741 3097 1811 3132 this
1828 3097 2017 3133 individual
2036 3099 2105 3134 and
2124 3099 2177 3134 his
2194 3100 2300 3136 bene-

366 3152 526 3194 factions,
547 3164 607 3187 see
624 3153 794 3187 Morton‘s
810 3152 963 3186 Monast.
984 3151 1087 3191 Arm„
1107 3163 1142 3197 p.
1162 3152 1242 3192 273,
1263 3151 1345 3185 who
1363 3151 1447 3186 cites
1464 3150 1526 3186 the
1545 3153 1657 3187 Chart.
1676 3154 1719 3198 qs
1727 3152 1889 3193 Melrose,
1904 3156 1963 3188 53.
2014 3175 2016 3177 -
2109 3154 2121 3170 “
2147 3156 2297 3197 Fordun,

367 3209 390 3243 i.
408 3211 490 3244 484.
543 3208 610 3243 His
627 3208 742 3253 object
758 3219 829 3242 was
846 3213 884 3242 to
900 3207 1027 3241 induce
1047 3206 1169 3252 Henry
1184 3212 1222 3240 to
1241 3206 1318 3251 join
1334 3206 1396 3242 the
1416 3206 1616 3242 Crusaders.
1670 3207 1737 3242 See
1761 3209 1918 3249 Ger-vase,
1937 3208 2004 3244 col.
2026 3209 2138 3250 1474;
2163 3211 2299 3251 Diceto,

368 3264 435 3300 col.
454 3265 545 3304 6253
573 3264 764 3310 Knyghton,
783 3263 849 3298 col.
869 3264 983 3302 23983
1011 3263 1140 3296 Hoved.
1161 3264 1241 3296 358.
1434 3265 1450 3282 ‘
1479 3262 1520 3297 In
1544 3262 1685 3308 margin,
1716 3267 1739 3283 “
1761 3263 2006 3300 Controversia
2029 3276 2099 3311 que
2123 3264 2188 3300 fuit
2211 3266 2301 3301 inter

370 3319 586 3365 [eo]clesiam
607 3319 719 3355 Melr'.
740 3320 809 3364 [et]
828 3319 987 3355 homines
1005 3318 1048 3354 de
1069 3317 1276 3353 Wedhale.”
