2904 3886
670 467 761 515 146
1162 464 1583 514 CHRoNloA
1621 463 1722 512 DE
1768 449 2154 514 MAILRos.
2293 465 2425 516 ΑΛ).
2467 472 2607 517 1235.

668 608 810 673 igitur
835 607 914 671 qui
949 606 1283 660 remanserant,
1321 604 1513 652 funibus
1541 605 1589 652 in
1614 604 1735 652 00110
1760 603 1913 660 miffis,
1940 604 2002 652 ad
2025 605 2151 670 regis
2178 621 2347 670 pacem
2379 623 2608 658 convene-

668 695 789 735 runt.
866 684 1179 750 Supradictus
1203 692 1363 732 tamen
1391 683 1452 732 T.
1480 683 1740 738 bastardus,
1766 700 1874 732 cum
1898 684 1979 732 suo
2003 684 2190 733 fautore
2217 684 2434 742 Gilrodh,
2453 687 2609 736 versus

669 765 962 831 Hyberniam
987 764 1074 812 iter
1099 764 1307 828 arripuit.
1381 762 1486 812 Rex
1510 763 1652 828 igitur
1675 763 1852 828 potitus
1871 763 2086 819 vie'toria,
2111 763 2173 812 ob
2199 763 2346 812 ardua
2369 766 2503 831 regni
2526 782 2608 815 ne·

666 846 796 910 gotia
822 844 938 892 alias
961 843 1095 909 regni
1121 843 1265 891 adivit
1290 850 1463 908 partes,
1490 842 1553 890 ibi
1580 842 1639 891 ad
1665 843 1921 891 sedandam
1944 843 2147 908 patriam
2167 844 2389 893 comitem
2414 844 2474 893 de
2500 845 2606 895 Ma-

665 923 898 972 nethethm
923 923 1178 971 dimittens.
1253 922 1362 970 Post
1395 922 1637 971 discessum
1671 940 1780 971 vero
1813 923 1938 988 regis
1970 923 2164 988 quidam
2206 924 2352 980 Scoti,
2381 941 2476 973 non
2507 942 2606 974 ma-

664 1003 790 1067 gistri
815 1002 979 1051 militie
1004 1002 1083 1050 sed
1113 1001 1304 1050 ministri
1337 1002 1540 1057 malicie,
1578 1001 1795 1050 abbatias
1827 1002 2036 1067 ejusdem
2069 1010 2190 1051 terre
2222 1011 2321 1051 tam
2352 1005 2534 1053 nefaria
2559 1013 2606 1054 et

663 1083 866 1130 celerata
904 1082 1143 1130 dementia
1174 1081 1546 1146 expoliaverunt,
1580 1090 1630 1129 ut
1663 1082 1806 1130 etiam
1841 1082 2126 1130 monachum
2160 1083 2206 1130 in
2231 1082 2520 1132 infirmitorio
2546 1084 2605 1133 de

666 1162 865 1210 Glenlus
890 1162 935 1209 in
962 1161 1180 1209 extremis
1216 1160 1414 1226 positum
1439 1169 1486 1209 et
1510 1161 1662 1210 cilicio
1687 1160 2041 1226 superpositum,
2077 1161 2244 1226 pannis
2269 1161 2440 1226 quibus
2472 1164 2604 1211 indu-

661 1250 735 1289 tus
760 1249 860 1289 erat
885 1240 1194 1295 denudarent,
1221 1248 1267 1288 et
1292 1242 1449 1288 secum
1475 1242 1781 1306 asportarent.
1855 1241 2001 1306 Apud
2031 1241 2174 1289 etiam
2201 1241 2459 1307 Tungland
2484 1243 2604 1308 prio-

663 1337 760 1368 rem
786 1338 892 1368 cum
918 1320 1104 1368 sacrista
1139 1320 1185 1367 in
1216 1320 1409 1368 ecclefia
1445 1321 1802 1375 interfecerunt;
1839 1338 2038 1385 quorum
2063 1329 2263 1386 peccata
2289 1320 2603 1387 Omnipotens

663 1401 809 1448 inulta
836 1399 1025 1447 tranfire
1051 1417 1145 1447 non
1171 1399 1389 1464 permisit,
1426 1416 1519 1446 non
1555 1400 1755 1447 multum
1783 1400 1908 1448 enim
1943 1400 2045 1464 post
2078 1400 2314 1448 homicida
2338 1401 2415 1448 ille
2441 1401 2604 1466 depre-

661 1480 831 1527 hensus
858 1479 984 1543 apud
1012 1478 1317 1526 Rokesburch
1349 1478 1408 1525 ab
1434 1479 1568 1543 equis
1604 1479 1671 1526 est
1696 1479 1968 1543 discerptus.
2045 1479 2176 1527 Scoti
2212 1496 2322 1527 vero
2358 1479 2603 1529 audientes

661 1559 979 1623 supradi6wm
1003 1558 1064 1605 G.
1092 1558 1151 1605 de
1174 1557 1421 1621 Hybernia
1446 1574 1553 1604 cum
1579 1557 1716 1605 claffe
1743 1558 1977 1606 advenisse
2003 1566 2050 1606 et
2074 1559 2232 1606 secum
2253 1557 2604 1622 Hybernienses

659 1655 765 1685 cum
790 1638 884 1685 filio
911 1637 1151 1702 cujusdam
1176 1637 1325 1702 reguli
1353 1636 1609 1692 adduxisse,
1636 1637 1748 1685 dum
1773 1637 2081 1685 immoderate
2105 1638 2343 1703 sugerent,
2370 1637 2431 1685 ad
2455 1655 2602 1703 quan-

659 1718 768 1765 dam
793 1734 966 1782 aquam
993 1717 1299 1772 devenerunt,
1336 1717 1382 1764 in
1408 1733 1504 1781 qua
1528 1716 1662 1765 multi
1688 1734 1746 1765 ex
1778 1717 1856 1765 illo
1881 1717 2089 1765 nefando
2115 1717 2323 1765 exercitu
2347 1717 2599 1782 perierunt.

663 1797 916 1861 Postquam
942 1805 1101 1844 autem
1126 1796 1422 1861 supradictus
1451 1796 1512 1844 G.
1535 1796 1594 1845 de
1622 1796 1868 1861 Hybernia
1886 1797 1953 1845 est
1978 1797 2200 1852 reversus,
2219 1813 2329 1844 mox
2354 1805 2405 1844 ut
2430 1805 2601 1844 terram

659 1877 816 1941 tetigit
841 1893 1004 1924 omnes
1028 1893 1172 1924 naves
1197 1876 1370 1940 pariter
1395 1876 1645 1941 confregit,
1664 1875 1929 1940 hujusmodi
1954 1884 2091 1925 utens
2110 1876 2384 1931 calliditate,
2403 1893 2463 1924 ne
2483 1893 2602 1940 quos

660 1957 815 2003 secum
851 1955 1158 2009 conduxerat,
1198 1955 1438 2002 ullomodo
1467 1955 1678 2003 valerent
1710 1956 1981 2019 repatriare.
2055 1955 2311 2020 Postquam
2347 1972 2462 2020 ergo
2497 1955 2598 2002 haec

659 2035 882 2082 nunciata
919 2035 1022 2081 sunt
1050 2033 1137 2080 G.¹¹
1173 2034 1392 2097 episcopo
1421 2034 1722 2098 Galuuydiae,
1760 2043 1806 2082 et
1835 2035 1894 2082 A.
1923 2034 2083 2082 abbati
2109 2035 2168 2082 de
2196 2034 2390 2089 Melros,
2415 2050 2598 2082 necnon

661 2122 707 2160 et
726 2113 779 2160 P.
801 2113 959 2160 comiti
981 2113 1039 2159 de
1058 2112 1273 2167 Dunbar,
1295 2113 1549 2160 amicitiam
1569 2130 1712 2178 quam
1733 2131 1847 2178 erga
1866 2122 2045 2178 patrem
2066 2114 2298 2162 viventem
2318 2112 2599 2167 habuerunt,

660 2192 753 2239 filio
784 2192 996 2255 quamvis
1030 2191 1335 2256 degeneranti
1372 2192 1644 2256 impendere
1677 2209 1770 2240 non
1804 2193 2072 2240 omiserunt.
2146 2192 2407 2256 Episcopus
2441 2200 2599 2239 autem

662 2280 707 2318 et
745 2271 893 2319 abbas
928 2270 1209 2335 fimpliciter,
1246 2288 1405 2319 comes
1442 2289 1552 2318 vero
1592 2289 1698 2319 cum
1737 2273 1818 2319 suo
1858 2272 2065 2319 exercitu
2102 2273 2247 2335 usque
2281 2271 2341 2319 ad
2377 2272 2600 2319 terminos

664 2351 885 2398 Galuidie
913 2351 1217 2406 devenerunt,
1254 2351 1534 2399 mandantes
1570 2352 1679 2416 sepe
1704 2352 1834 2400 dicto
1863 2351 1925 2399 G.
1952 2359 2004 2398 ut
2029 2358 2110 2399 aut
2139 2351 2239 2416 regi
2265 2350 2387 2398 colla
2411 2350 2600 2398 submit-

661 2439 793 2485 teret,
819 2438 900 2478 aut
919 2447 1026 2477 cum
1051 2430 1258 2478 exercitu
1283 2431 1466 2478 comitis
1491 2431 1687 2495 prelium
1714 2431 2042 2478 committeret.
2118 2430 2331 2478 Cernens
2355 2430 2498 2494 igitur
2534 2430 2600 2477 se-

662 2510 879 2574 pedifitus
901 2509 964 2557 G.
990 2510 1037 2558 se
1062 2510 1330 2558 inferiorem
1354 2510 1528 2558 viribus
1552 2510 1643 2558 effe
1669 2527 1831 2558 eorum
1851 2509 2039 2558 confilio
2065 2510 2328 2574 adquievit3
2353 2526 2495 2574 quem
2520 2526 2601 2557 rex

663 2590 721 2636 ad
748 2589 1106 2637 custodiendum
1141 2606 1225 2654 per
1250 2590 1442 2654 aliquod
1467 2597 1654 2655 tempus
1690 2590 1919 2655 praedicto
1945 2590 2104 2638 comiti
2133 2589 2339 2637 tradidit.
2411 2588 2600 2636 Bastar-

662 2669 748 2716 dus
773 2686 887 2734 ergo
912 2668 1100 2716 confilio
1126 2669 1372 2717 destitutus
1408 2678 1456 2717 et
1492 2670 1683 2725 auxilio,
1720 2670 1843 2735 regis
1879 2687 2047 2734 pacem
2083 2669 2280 2719 coactus
2315 2668 2383 2716 est
2410 2676 2599 2733 petere3

663 2765 803 2812 quem
836 2766 916 2796 rex
948 2765 1091 2813 parvo
1116 2756 1328 2813 tempore
1357 2749 1403 2796 in
1440 2749 1629 2796 castello
1668 2749 1937 2819 Puellarum
1962 2749 2178 2804 detinuit,
2205 2766 2260 2796 ac
2283 2747 2445 2813 postea
2471 2746 2599 2795 abire

664 2826 880 2891 permifit.
954 2827 1064 2875 Post
1093 2827 1195 2876 haec
1229 2827 1595 2893 Hybernienses,
1631 2829 1800 2876 furtive
1836 2829 1895 2876 de
1931 2829 2082 2893 patria
2119 2827 2429 2882 discedentes,
2461 2826 2598 2891 juxta

664 2906 900 2954 civitatem
928 2907 1269 2972 Glasguensem
1293 2908 1380 2956 iter
1405 2909 1720 2973 arripuerunt3
1756 2908 1885 2974 quod
1909 2908 2034 2956 cives
2058 2907 2400 2972 comperientes
2435 2905 2596 2952 unani-

664 2985 798 3047 miter
822 2986 1050 3042 exierunt,
1075 2994 1122 3035 et
1146 2995 1381 3052 quotquot
1417 2995 1739 3054 reppererunt,
1764 2988 2019 3053 amputatis
2043 2986 2291 3052 capitibUS‚
2316 2984 2496 3033 animas
2519 2999 2596 3031 ex·
2664 2990 2723 3025 fol.
2742 2993 2801 3025 45>-

728 3129 753 3143 ‘¹¹
775 3131 909 3166 Walter
929 3133 1079 3179 Cumyn,
1097 3135 1228 3170 second
1244 3147 1308 3170 son
1326 3136 1369 3170 of
1382 3136 1546 3177 william,
1567 3137 1638 3171 earl
1655 3136 1697 3171 of
1718 3136 1874 3177 Buchan,
1894 3137 1931 3171 in
1947 3135 2037 3182 right
2053 3134 2096 3170 of
2113 3134 2167 3169 his
2184 3132 2274 3172 wife,
2300 3131 2362 3167 the
2378 3129 2547 3176 daughter
2564 3131 2605 3165 of

667 3184 924 3287 &fflggyearl
942 3187 983 3221 of
1005 3188 1179 3230 Menteth,
1206 3191 1350 3225 became
1373 3191 1444 3226 earl
1460 3190 1503 3225 of
1524 3191 1699 3226 Menteth.
1749 3192 1916 3237 Douglas,
1935 3190 1969 3224 ii.
1989 3191 2071 3225 223.
2215 3187 2231 3202 ¹’
2254 3186 2399 3227 Gilbert‚
2418 3185 2545 3232 bishop
2562 3186 2604 3220 os
