<?xml version="1.0" encoding="UTF-8"?>
<!DOCTYPE html PUBLIC "-//W3C//DTD XHTML 1.0 Transitional//EN"
    "http://www.w3.org/TR/xhtml1/DTD/xhtml1-transitional.dtd">
<html xmlns="http://www.w3.org/1999/xhtml" xml:lang="en" lang="en">
 <head>
  <title>
</title>
<meta http-equiv="Content-Type" content="text/html;charset=utf-8" />
  <meta name='ocr-system' content='tesseract 3.04.00' />
  <meta name='ocr-capabilities' content='ocr_page ocr_carea ocr_par ocr_line ocrx_word'/>
</head>
<body>
  <div class='ocr_page' id='page_1' title='image "./chronicdemailros00melruoft_0199.png"; bbox 0 0 2904 3886; ppageno 0'>
   <div class='ocr_carea' id='block_1_1' title="bbox 168 2867 305 2903">
    <p class='ocr_par' dir='ltr' id='par_1_1' title="bbox 168 2867 305 2903">
     <span class='ocr_line' id='line_1_1' title="bbox 168 2867 305 2903; baseline 0.007 -1"><span class='ocrx_word' id='word_1_1' title='bbox 168 2867 228 2903; x_wconf 87' lang='lat' dir='ltr'>sol.</span> <span class='ocrx_word' id='word_1_2' title='bbox 248 2871 305 2903; x_wconf 80' lang='lat'>48.</span> 
     </span>
    </p>
   </div>
   <div class='ocr_carea' id='block_1_2' title="bbox 392 481 2325 536">
    <p class='ocr_par' dir='ltr' id='par_1_2' title="bbox 392 481 2325 536">
     <span class='ocr_line' id='line_1_2' title="bbox 392 481 2325 536; baseline -0.001 -1"><span class='ocrx_word' id='word_1_3' title='bbox 392 486 524 536; x_wconf 86' lang='lat' dir='ltr'>A.D.</span> <span class='ocrx_word' id='word_1_4' title='bbox 568 490 708 535; x_wconf 87' lang='lat'>1244.</span> <span class='ocrx_word' id='word_1_5' title='bbox 864 483 1288 534; x_wconf 88' lang='lat' dir='ltr'>CHRONICA</span> <span class='ocrx_word' id='word_1_6' title='bbox 1333 482 1434 533; x_wconf 92' lang='lat' dir='ltr'>DE</span> <span class='ocrx_word' id='word_1_7' title='bbox 1481 481 1867 533; x_wconf 87' lang='lat' dir='ltr'>MAILROS.</span> <span class='ocrx_word' id='word_1_8' title='bbox 2239 485 2325 535; x_wconf 90' lang='lat'>161</span> 
     </span>
    </p>
   </div>
   <div class='ocr_carea' id='block_1_3' title="bbox 381 622 2328 3372">
    <p class='ocr_par' dir='ltr' id='par_1_3' title="bbox 381 622 2328 1948">
     <span class='ocr_line' id='line_1_3' title="bbox 386 622 2328 690; baseline -0.002 -13"><span class='ocrx_word' id='word_1_9' title='bbox 386 627 709 677; x_wconf 84' lang='lat' dir='ltr'>miserabiliter</span> <span class='ocrx_word' id='word_1_10' title='bbox 744 627 791 675; x_wconf 93' lang='lat' dir='ltr'>in</span> <span class='ocrx_word' id='word_1_11' title='bbox 819 624 1078 676; x_wconf 89' lang='lat' dir='ltr'>Caribdim.</span> <span class='ocrx_word' id='word_1_12' title='bbox 1150 624 1280 674; x_wconf 89' lang='lat' dir='ltr'>Nam</span> <span class='ocrx_word' id='word_1_13' title='bbox 1312 624 1495 690; x_wconf 83' lang='lat' dir='ltr'>praefati</span> <span class='ocrx_word' id='word_1_14' title='bbox 1525 623 1772 674; x_wconf 89' lang='lat' dir='ltr'>Sarraceni</span> <span class='ocrx_word' id='word_1_15' title='bbox 1804 622 1968 690; x_wconf 91' lang='lat' dir='ltr'>perfidi</span> <span class='ocrx_word' id='word_1_16' title='bbox 1998 623 2058 673; x_wconf 88' lang='lat' dir='ltr'>de</span> <span class='ocrx_word' id='word_1_17' title='bbox 2093 626 2328 673; x_wconf 87' lang='lat' dir='ltr'>montanis</span> 
     </span>
     <span class='ocr_line' id='line_1_4' title="bbox 387 703 2327 773; baseline -0.002 -17"><span class='ocrx_word' id='word_1_18' title='bbox 387 707 567 773; x_wconf 85' lang='lat' dir='ltr'>egressi,</span> <span class='ocrx_word' id='word_1_19' title='bbox 592 708 714 773; x_wconf 91' lang='lat' dir='ltr'>ipsos</span> <span class='ocrx_word' id='word_1_20' title='bbox 732 705 883 756; x_wconf 91' lang='lat' dir='ltr'>subito</span> <span class='ocrx_word' id='word_1_21' title='bbox 907 705 1184 755; x_wconf 84' lang='lat' dir='ltr'>invadentes</span> <span class='ocrx_word' id='word_1_22' title='bbox 1207 711 1256 753; x_wconf 93' lang='lat' dir='ltr'>et</span> <span class='ocrx_word' id='word_1_23' title='bbox 1279 720 1362 770; x_wconf 89' lang='lat' dir='ltr'>per</span> <span class='ocrx_word' id='word_1_24' title='bbox 1380 711 1530 753; x_wconf 90' lang='lat' dir='ltr'>totam</span> <span class='ocrx_word' id='word_1_25' title='bbox 1553 703 1746 754; x_wconf 73' lang='lat' dir='ltr'>no6tem</span> <span class='ocrx_word' id='word_1_26' title='bbox 1770 704 2104 770; x_wconf 84' lang='lat' dir='ltr'>impugnantes</span> <span class='ocrx_word' id='word_1_27' title='bbox 2122 703 2327 759; x_wconf 89' lang='lat' dir='ltr'>eosdem,</span> 
     </span>
     <span class='ocr_line' id='line_1_5' title="bbox 387 782 2326 852; baseline -0.002 -16"><span class='ocrx_word' id='word_1_28' title='bbox 387 787 492 852; x_wconf 93' lang='lat' dir='ltr'>plus</span> <span class='ocrx_word' id='word_1_29' title='bbox 516 787 611 835; x_wconf 94' lang='lat' dir='ltr'>duo</span> <span class='ocrx_word' id='word_1_30' title='bbox 644 786 786 842; x_wconf 89' lang='lat' dir='ltr'>mille,</span> <span class='ocrx_word' id='word_1_31' title='bbox 818 793 870 834; x_wconf 90' lang='lat' dir='ltr'>ut</span> <span class='ocrx_word' id='word_1_32' title='bbox 893 786 1056 841; x_wconf 89' lang='lat' dir='ltr'>fertur,</span> <span class='ocrx_word' id='word_1_33' title='bbox 1081 783 1356 833; x_wconf 89' lang='lat' dir='ltr'>occiderunt</span> <span class='ocrx_word' id='word_1_34' title='bbox 1387 799 1446 832; x_wconf 89' lang='lat' dir='ltr'>ex</span> <span class='ocrx_word' id='word_1_35' title='bbox 1477 782 1600 850; x_wconf 90' lang='lat' dir='ltr'>ipfis,</span> <span class='ocrx_word' id='word_1_36' title='bbox 1624 782 1920 833; x_wconf 83' lang='lat' dir='ltr'>effundentes</span> <span class='ocrx_word' id='word_1_37' title='bbox 1952 783 2227 851; x_wconf 87' lang='lat' dir='ltr'>sanguinem</span> <span class='ocrx_word' id='word_1_38' title='bbox 2260 784 2326 832; x_wconf 91' lang='lat' dir='ltr'>in-</span> 
     </span>
     <span class='ocr_line' id='line_1_6' title="bbox 387 861 2326 932; baseline -0.002 -17"><span class='ocrx_word' id='word_1_39' title='bbox 387 874 637 915; x_wconf 90' lang='lat' dir='ltr'>nocentem</span> <span class='ocrx_word' id='word_1_40' title='bbox 662 874 890 932; x_wconf 84' lang='lat' dir='ltr'>tanquam</span> <span class='ocrx_word' id='word_1_41' title='bbox 915 880 1089 930; x_wconf 90' lang='lat' dir='ltr'>aquam</span> <span class='ocrx_word' id='word_1_42' title='bbox 1113 863 1160 912; x_wconf 90' lang='lat' dir='ltr'>in</span> <span class='ocrx_word' id='word_1_43' title='bbox 1185 863 1382 912; x_wconf 90' lang='lat' dir='ltr'>circuitu</span> <span class='ocrx_word' id='word_1_44' title='bbox 1408 862 1676 919; x_wconf 85' lang='lat' dir='ltr'>Ierusalem,</span> <span class='ocrx_word' id='word_1_45' title='bbox 1702 861 1818 928; x_wconf 92' lang='lat' dir='ltr'>proh</span> <span class='ocrx_word' id='word_1_46' title='bbox 1843 862 1998 913; x_wconf 84' lang='lat' dir='ltr'>dolor!</span> <span class='ocrx_word' id='word_1_47' title='bbox 2036 871 2084 913; x_wconf 93' lang='lat' dir='ltr'>et</span> <span class='ocrx_word' id='word_1_48' title='bbox 2106 880 2201 912; x_wconf 91' lang='lat' dir='ltr'>non</span> <span class='ocrx_word' id='word_1_49' title='bbox 2225 871 2326 912; x_wconf 89' lang='lat' dir='ltr'>erat</span> 
     </span>
     <span class='ocr_line' id='line_1_7' title="bbox 387 941 2325 1011; baseline -0.002 -16"><span class='ocrx_word' id='word_1_50' title='bbox 387 946 467 1011; x_wconf 90' lang='lat' dir='ltr'>qui</span> <span class='ocrx_word' id='word_1_51' title='bbox 492 946 722 1011; x_wconf 87' lang='lat' dir='ltr'>sepeliret.</span> <span class='ocrx_word' id='word_1_52' title='bbox 774 944 952 993; x_wconf 89' lang='lat' dir='ltr'>Pueros</span> <span class='ocrx_word' id='word_1_53' title='bbox 970 951 1018 992; x_wconf 90' lang='lat' dir='ltr'>et</span> <span class='ocrx_word' id='word_1_54' title='bbox 1041 942 1223 1008; x_wconf 87' lang='lat' dir='ltr'>puellas</span> <span class='ocrx_word' id='word_1_55' title='bbox 1242 942 1454 1007; x_wconf 89' lang='lat' dir='ltr'>captivas</span> <span class='ocrx_word' id='word_1_56' title='bbox 1472 941 1721 998; x_wconf 90' lang='lat' dir='ltr'>duxerunt,</span> <span class='ocrx_word' id='word_1_57' title='bbox 1740 942 1927 991; x_wconf 87' lang='lat' dir='ltr'>senibus</span> <span class='ocrx_word' id='word_1_58' title='bbox 1944 959 2038 991; x_wconf 91' lang='lat' dir='ltr'>non</span> <span class='ocrx_word' id='word_1_59' title='bbox 2063 951 2325 1009; x_wconf 86' lang='lat' dir='ltr'>parcentes,</span> 
     </span>
     <span class='ocr_line' id='line_1_8' title="bbox 386 1020 2324 1090; baseline -0.002 -16"><span class='ocrx_word' id='word_1_60' title='bbox 386 1034 434 1074; x_wconf 86' lang='lat' dir='ltr'>et</span> <span class='ocrx_word' id='word_1_61' title='bbox 457 1042 578 1090; x_wconf 93' lang='lat' dir='ltr'>quos</span> <span class='ocrx_word' id='word_1_62' title='bbox 601 1041 659 1073; x_wconf 87' lang='lat' dir='ltr'>ex</span> <span class='ocrx_word' id='word_1_63' title='bbox 691 1024 888 1089; x_wconf 80' lang='lat' dir='ltr'>praefato</span> <span class='ocrx_word' id='word_1_64' title='bbox 912 1022 1088 1088; x_wconf 92' lang='lat' dir='ltr'>populo</span> <span class='ocrx_word' id='word_1_65' title='bbox 1113 1020 1330 1071; x_wconf 90' lang='lat' dir='ltr'>occidere</span> <span class='ocrx_word' id='word_1_66' title='bbox 1362 1020 1630 1077; x_wconf 90' lang='lat' dir='ltr'>noluerunt,</span> <span class='ocrx_word' id='word_1_67' title='bbox 1654 1021 1976 1071; x_wconf 90' lang='lat' dir='ltr'>miserabiliter</span> <span class='ocrx_word' id='word_1_68' title='bbox 2005 1022 2324 1088; x_wconf 87' lang='lat' dir='ltr'>captivabant,</span> 
     </span>
     <span class='ocr_line' id='line_1_9' title="bbox 385 1099 2324 1170; baseline -0.002 -17"><span class='ocrx_word' id='word_1_69' title='bbox 385 1111 677 1170; x_wconf 90' lang='lat' dir='ltr'>exponentes</span> <span class='ocrx_word' id='word_1_70' title='bbox 713 1119 796 1151; x_wconf 92' lang='lat' dir='ltr'>eos</span> <span class='ocrx_word' id='word_1_71' title='bbox 833 1101 1024 1150; x_wconf 89' lang='lat' dir='ltr'>venales</span> <span class='ocrx_word' id='word_1_72' title='bbox 1061 1100 1230 1149; x_wconf 89' lang='lat' dir='ltr'>ceteris</span> <span class='ocrx_word' id='word_1_73' title='bbox 1277 1099 1564 1149; x_wconf 89' lang='lat' dir='ltr'>Sarracenis.</span> <span class='ocrx_word' id='word_1_74' title='bbox 1637 1100 1764 1157; x_wconf 81' lang='lat' dir='ltr'>Quin</span> <span class='ocrx_word' id='word_1_75' title='bbox 1803 1101 1946 1149; x_wconf 90' lang='lat' dir='ltr'>etiam</span> <span class='ocrx_word' id='word_1_76' title='bbox 1988 1102 2100 1150; x_wconf 90' lang='lat' dir='ltr'>dum</span> <span class='ocrx_word' id='word_1_77' title='bbox 2142 1102 2324 1150; x_wconf 90' lang='lat' dir='ltr'>illorum</span> 
     </span>
     <span class='ocr_line' id='line_1_10' title="bbox 391 1178 2325 1246; baseline -0.001 -14"><span class='ocrx_word' id='word_1_78' title='bbox 391 1184 734 1232; x_wconf 88' lang='lat' dir='ltr'>Saracenorum</span> <span class='ocrx_word' id='word_1_79' title='bbox 762 1197 930 1229; x_wconf 91' lang='lat' dir='ltr'>manus</span> <span class='ocrx_word' id='word_1_80' title='bbox 955 1197 1013 1228; x_wconf 87' lang='lat' dir='ltr'>ex</span> <span class='ocrx_word' id='word_1_81' title='bbox 1041 1180 1120 1227; x_wconf 92' lang='lat' dir='ltr'>illo</span> <span class='ocrx_word' id='word_1_82' title='bbox 1153 1179 1329 1245; x_wconf 91' lang='lat' dir='ltr'>populo</span> <span class='ocrx_word' id='word_1_83' title='bbox 1362 1178 1506 1245; x_wconf 88' lang='lat' dir='ltr'>aliqui</span> <span class='ocrx_word' id='word_1_84' title='bbox 1539 1179 1783 1228; x_wconf 88' lang='lat' dir='ltr'>evaserunt</span> <span class='ocrx_word' id='word_1_85' title='bbox 1814 1180 1860 1228; x_wconf 91' lang='lat' dir='ltr'>in</span> <span class='ocrx_word' id='word_1_86' title='bbox 1890 1179 2154 1229; x_wconf 84' lang='lat' dir='ltr'>Rameffem</span> <span class='ocrx_word' id='word_1_87' title='bbox 2179 1182 2325 1246; x_wconf 91' lang='lat' dir='ltr'>plani-</span> 
     </span>
     <span class='ocr_line' id='line_1_11' title="bbox 384 1258 2323 1325; baseline -0.001 -14"><span class='ocrx_word' id='word_1_88' title='bbox 384 1265 504 1311; x_wconf 88' lang='lat' dir='ltr'>ciem</span> <span class='ocrx_word' id='word_1_89' title='bbox 530 1260 884 1316; x_wconf 89' lang='lat' dir='ltr'>descendentes,</span> <span class='ocrx_word' id='word_1_90' title='bbox 917 1259 1023 1325; x_wconf 89' lang='lat' dir='ltr'>ipfis</span> <span class='ocrx_word' id='word_1_91' title='bbox 1046 1266 1246 1308; x_wconf 89' lang='lat' dir='ltr'>mortem</span> <span class='ocrx_word' id='word_1_92' title='bbox 1270 1258 1564 1325; x_wconf 86' lang='lat' dir='ltr'>fugientibus</span> <span class='ocrx_word' id='word_1_93' title='bbox 1587 1275 1711 1307; x_wconf 90' lang='lat' dir='ltr'>mors</span> <span class='ocrx_word' id='word_1_94' title='bbox 1743 1266 1790 1307; x_wconf 89' lang='lat' dir='ltr'>et</span> <span class='ocrx_word' id='word_1_95' title='bbox 1822 1258 2010 1325; x_wconf 85' lang='lat' dir='ltr'>gladius</span> <span class='ocrx_word' id='word_1_96' title='bbox 2044 1261 2323 1325; x_wconf 87' lang='lat' dir='ltr'>supervenit.</span> 
     </span>
     <span class='ocr_line' id='line_1_12' title="bbox 385 1337 2325 1404; baseline -0.002 -13"><span class='ocrx_word' id='word_1_97' title='bbox 385 1342 514 1391; x_wconf 91' lang='lat' dir='ltr'>Nam</span> <span class='ocrx_word' id='word_1_98' title='bbox 544 1340 807 1390; x_wconf 89' lang='lat' dir='ltr'>Corosmini</span> <span class='ocrx_word' id='word_1_99' title='bbox 833 1339 1058 1388; x_wconf 89' lang='lat' dir='ltr'>hostiliter</span> <span class='ocrx_word' id='word_1_100' title='bbox 1090 1339 1335 1393; x_wconf 91' lang='lat' dir='ltr'>irruentes,</span> <span class='ocrx_word' id='word_1_101' title='bbox 1371 1338 1493 1404; x_wconf 91' lang='lat' dir='ltr'>ipsos</span> <span class='ocrx_word' id='word_1_102' title='bbox 1519 1337 1769 1387; x_wconf 90' lang='lat' dir='ltr'>crudeliter</span> <span class='ocrx_word' id='word_1_103' title='bbox 1801 1338 2090 1394; x_wconf 89' lang='lat' dir='ltr'>occiderunt,</span> <span class='ocrx_word' id='word_1_104' title='bbox 2123 1347 2171 1388; x_wconf 92' lang='lat' dir='ltr'>et</span> <span class='ocrx_word' id='word_1_105' title='bbox 2194 1340 2325 1388; x_wconf 60' lang='lat' dir='ltr'>fafita</span> 
     </span>
     <span class='ocr_line' id='line_1_13' title="bbox 382 1417 2325 1486; baseline -0.002 -15"><span class='ocrx_word' id='word_1_106' title='bbox 382 1422 450 1470; x_wconf 89' lang='lat' dir='ltr'>est</span> <span class='ocrx_word' id='word_1_107' title='bbox 474 1422 652 1486; x_wconf 90' lang='lat' dir='ltr'>strages</span> <span class='ocrx_word' id='word_1_108' title='bbox 671 1419 790 1468; x_wconf 90' lang='lat' dir='ltr'>inter</span> <span class='ocrx_word' id='word_1_109' title='bbox 808 1426 1017 1467; x_wconf 88' lang='lat' dir='ltr'>mortuos</span> <span class='ocrx_word' id='word_1_110' title='bbox 1035 1426 1084 1467; x_wconf 90' lang='lat' dir='ltr'>et</span> <span class='ocrx_word' id='word_1_111' title='bbox 1108 1418 1320 1483; x_wconf 90' lang='lat' dir='ltr'>captivos</span> <span class='ocrx_word' id='word_1_112' title='bbox 1338 1417 1467 1483; x_wconf 92' lang='lat' dir='ltr'>quod</span> <span class='ocrx_word' id='word_1_113' title='bbox 1486 1434 1545 1466; x_wconf 89' lang='lat' dir='ltr'>ex</span> <span class='ocrx_word' id='word_1_114' title='bbox 1563 1425 1664 1466; x_wconf 88' lang='lat' dir='ltr'>toto</span> <span class='ocrx_word' id='word_1_115' title='bbox 1689 1417 1865 1483; x_wconf 92' lang='lat' dir='ltr'>populo</span> <span class='ocrx_word' id='word_1_116' title='bbox 1884 1418 1959 1466; x_wconf 89' lang='lat' dir='ltr'>vix</span> <span class='ocrx_word' id='word_1_117' title='bbox 1978 1419 2166 1467; x_wconf 89' lang='lat' dir='ltr'>evasere</span> <span class='ocrx_word' id='word_1_118' title='bbox 2186 1419 2325 1474; x_wconf 56' lang='lat' dir='ltr'>cccti„</span> 
     </span>
     <span class='ocr_line' id='line_1_14' title="bbox 381 1497 2324 1565; baseline -0.001 -15"><span class='ocrx_word' id='word_1_119' title='bbox 381 1502 657 1550; x_wconf 90' lang='lat' dir='ltr'>catervatim</span> <span class='ocrx_word' id='word_1_120' title='bbox 682 1501 728 1548; x_wconf 90' lang='lat' dir='ltr'>in</span> <span class='ocrx_word' id='word_1_121' title='bbox 757 1498 905 1564; x_wconf 91' lang='lat' dir='ltr'>Iopen</span> <span class='ocrx_word' id='word_1_122' title='bbox 929 1498 1172 1547; x_wconf 90' lang='lat' dir='ltr'>venientes</span> <span class='ocrx_word' id='word_1_123' title='bbox 1196 1497 1427 1546; x_wconf 89' lang='lat' dir='ltr'>vulnerati</span> <span class='ocrx_word' id='word_1_124' title='bbox 1452 1505 1500 1546; x_wconf 88' lang='lat' dir='ltr'>et</span> <span class='ocrx_word' id='word_1_125' title='bbox 1525 1497 1729 1546; x_wconf 91' lang='lat' dir='ltr'>semivivi</span> <span class='ocrx_word' id='word_1_126' title='bbox 1764 1497 1931 1550; x_wconf 68' lang='lat' dir='ltr'>reliGti.</span> <span class='ocrx_word' id='word_1_127' title='bbox 2006 1498 2131 1547; x_wconf 93' lang='lat' dir='ltr'>Cum</span> <span class='ocrx_word' id='word_1_128' title='bbox 2164 1499 2324 1565; x_wconf 90' lang='lat' dir='ltr'>itaque</span> 
     </span>
     <span class='ocr_line' id='line_1_15' title="bbox 383 1573 2323 1646; baseline -0.002 -16"><span class='ocrx_word' id='word_1_129' title='bbox 383 1582 572 1646; x_wconf 89' lang='lat' dir='ltr'>sanguis</span> <span class='ocrx_word' id='word_1_130' title='bbox 597 1579 814 1628; x_wconf 86' lang='lat' dir='ltr'>innoxius</span> <span class='ocrx_word' id='word_1_131' title='bbox 839 1578 899 1627; x_wconf 92' lang='lat' dir='ltr'>de</span> <span class='ocrx_word' id='word_1_132' title='bbox 922 1586 1046 1626; x_wconf 87' lang='lat' dir='ltr'>terra</span> <span class='ocrx_word' id='word_1_133' title='bbox 1070 1577 1243 1625; x_wconf 85' lang='lat' dir='ltr'>clamet</span> <span class='ocrx_word' id='word_1_134' title='bbox 1268 1576 1328 1625; x_wconf 89' lang='lat' dir='ltr'>ad</span> <span class='ocrx_word' id='word_1_135' title='bbox 1355 1573 1630 1632; x_wconf 91' lang='lat' dir='ltr'>Dominum,</span> <span class='ocrx_word' id='word_1_136' title='bbox 1656 1577 1702 1624; x_wconf 92' lang='lat' dir='ltr'>in</span> <span class='ocrx_word' id='word_1_137' title='bbox 1728 1577 1985 1642; x_wconf 62' lang='lat' dir='ltr'>conspthu</span> <span class='ocrx_word' id='word_1_138' title='bbox 2004 1578 2151 1626; x_wconf 87' lang='lat' dir='ltr'>vestre</span> <span class='ocrx_word' id='word_1_139' title='bbox 2177 1578 2323 1627; x_wconf 86' lang='lat' dir='ltr'>beati-</span> 
     </span>
     <span class='ocr_line' id='line_1_16' title="bbox 384 1656 2323 1724; baseline -0.002 -15"><span class='ocrx_word' id='word_1_140' title='bbox 384 1661 574 1716; x_wconf 89' lang='lat' dir='ltr'>tudinis,</span> <span class='ocrx_word' id='word_1_141' title='bbox 594 1660 640 1707; x_wconf 91' lang='lat' dir='ltr'>in</span> <span class='ocrx_word' id='word_1_142' title='bbox 660 1657 1022 1724; x_wconf 86' lang='lat' dir='ltr'>compaffionem</span> <span class='ocrx_word' id='word_1_143' title='bbox 1041 1665 1089 1706; x_wconf 91' lang='lat' dir='ltr'>et</span> <span class='ocrx_word' id='word_1_144' title='bbox 1107 1656 1470 1705; x_wconf 90' lang='lat' dir='ltr'>misericordiam</span> <span class='ocrx_word' id='word_1_145' title='bbox 1489 1656 1665 1705; x_wconf 86' lang='lat' dir='ltr'>clamor</span> <span class='ocrx_word' id='word_1_146' title='bbox 1684 1656 1786 1721; x_wconf 89' lang='lat' dir='ltr'>ejus</span> <span class='ocrx_word' id='word_1_147' title='bbox 1805 1658 2129 1722; x_wconf 76' lang='lat' dir='ltr'>praesentetur!</span> <span class='ocrx_word' id='word_1_148' title='bbox 2159 1658 2323 1706; x_wconf 90' lang='lat' dir='ltr'>Adim-</span> 
     </span>
     <span class='ocr_line' id='line_1_17' title="bbox 384 1735 2321 1805; baseline -0.001 -17"><span class='ocrx_word' id='word_1_149' title='bbox 384 1742 562 1805; x_wconf 88' lang='lat' dir='ltr'>pletum</span> <span class='ocrx_word' id='word_1_150' title='bbox 581 1739 648 1787; x_wconf 89' lang='lat' dir='ltr'>est</span> <span class='ocrx_word' id='word_1_151' title='bbox 672 1738 814 1803; x_wconf 90' lang='lat' dir='ltr'>igitur</span> <span class='ocrx_word' id='word_1_152' title='bbox 838 1738 973 1803; x_wconf 90' lang='lat' dir='ltr'>super</span> <span class='ocrx_word' id='word_1_153' title='bbox 995 1736 1246 1785; x_wconf 89' lang='lat' dir='ltr'>Ierusalem</span> <span class='ocrx_word' id='word_1_154' title='bbox 1265 1736 1537 1784; x_wconf 89' lang='lat' dir='ltr'>vaticinium</span> <span class='ocrx_word' id='word_1_155' title='bbox 1567 1735 1782 1791; x_wconf 90' lang='lat' dir='ltr'>Ieremie,</span> <span class='ocrx_word' id='word_1_156' title='bbox 1808 1744 1837 1765; x_wconf 78' lang='lat'>‘⁶</span> <span class='ocrx_word' id='word_1_157' title='bbox 1860 1735 1996 1785; x_wconf 64' lang='lat' dir='ltr'>Facti</span> <span class='ocrx_word' id='word_1_158' title='bbox 2022 1737 2123 1785; x_wconf 89' lang='lat' dir='ltr'>sunt</span> <span class='ocrx_word' id='word_1_159' title='bbox 2149 1738 2321 1787; x_wconf 90' lang='lat' dir='ltr'>inimici</span> 
     </span>
     <span class='ocr_line' id='line_1_18' title="bbox 384 1814 2323 1885; baseline -0.002 -17"><span class='ocrx_word' id='word_1_160' title='bbox 384 1822 486 1885; x_wconf 87' lang='lat' dir='ltr'>ejus</span> <span class='ocrx_word' id='word_1_161' title='bbox 510 1820 556 1867; x_wconf 90' lang='lat' dir='ltr'>in</span> <span class='ocrx_word' id='word_1_162' title='bbox 582 1819 737 1883; x_wconf 92' lang='lat' dir='ltr'>capite</span> <span class='ocrx_word' id='word_1_163' title='bbox 762 1818 879 1883; x_wconf 87' lang='lat' dir='ltr'>ejus,</span> <span class='ocrx_word' id='word_1_164' title='bbox 905 1816 1006 1864; x_wconf 93' lang='lat' dir='ltr'>dies</span> <span class='ocrx_word' id='word_1_165' title='bbox 1034 1815 1137 1864; x_wconf 85' lang='lat' dir='ltr'>festi</span> <span class='ocrx_word' id='word_1_166' title='bbox 1170 1816 1272 1881; x_wconf 89' lang='lat' dir='ltr'>ejus</span> <span class='ocrx_word' id='word_1_167' title='bbox 1304 1815 1350 1863; x_wconf 93' lang='lat' dir='ltr'>in</span> <span class='ocrx_word' id='word_1_168' title='bbox 1378 1815 1576 1870; x_wconf 64' lang='lat' dir='ltr'>luc&#39;tum‚</span> <span class='ocrx_word' id='word_1_169' title='bbox 1603 1814 1799 1863; x_wconf 87' lang='lat' dir='ltr'>sabbata</span> <span class='ocrx_word' id='word_1_170' title='bbox 1823 1815 1925 1879; x_wconf 91' lang='lat' dir='ltr'>ejus</span> <span class='ocrx_word' id='word_1_171' title='bbox 1950 1816 1995 1863; x_wconf 92' lang='lat' dir='ltr'>in</span> <span class='ocrx_word' id='word_1_172' title='bbox 2021 1816 2323 1881; x_wconf 88' lang='lat' dir='ltr'>obprobrium</span> 
     </span>
     <span class='ocr_line' id='line_1_19' title="bbox 385 1899 785 1948; baseline -0.008 0"><span class='ocrx_word' id='word_1_173' title='bbox 385 1901 488 1948; x_wconf 91' lang='lat' dir='ltr'>sunt</span> <span class='ocrx_word' id='word_1_174' title='bbox 513 1899 785 1947; x_wconf 90' lang='lat' dir='ltr'>conversa.&#39;&#39;</span> 
     </span>
    </p>

    <p class='ocr_par' dir='ltr' id='par_1_4' title="bbox 382 1974 2325 3312">
     <span class='ocr_line' id='line_1_20' title="bbox 453 1974 2321 2039; baseline -0.001 -13"><span class='ocrx_word' id='word_1_175' title='bbox 453 1978 689 2027; x_wconf 86' lang='lat' dir='ltr'>Dolentes</span> <span class='ocrx_word' id='word_1_176' title='bbox 715 1976 959 2025; x_wconf 86' lang='lat' dir='ltr'>referimus</span> <span class='ocrx_word' id='word_1_177' title='bbox 984 1976 1144 2030; x_wconf 89' lang='lat' dir='ltr'>etiam,</span> <span class='ocrx_word' id='word_1_178' title='bbox 1169 1974 1299 2039; x_wconf 92' lang='lat' dir='ltr'>quod</span> <span class='ocrx_word' id='word_1_179' title='bbox 1325 1991 1432 2022; x_wconf 91' lang='lat' dir='ltr'>cum</span> <span class='ocrx_word' id='word_1_180' title='bbox 1469 1974 1570 2039; x_wconf 89' lang='lat' dir='ltr'>post</span> <span class='ocrx_word' id='word_1_181' title='bbox 1594 1982 1778 2022; x_wconf 91' lang='lat' dir='ltr'>tantum</span> <span class='ocrx_word' id='word_1_182' title='bbox 1804 1974 2040 2022; x_wconf 90' lang='lat' dir='ltr'>excidium</span> <span class='ocrx_word' id='word_1_183' title='bbox 2070 1975 2321 2024; x_wconf 84' lang='lat' dir='ltr'>Ierusalem</span> 
     </span>
     <span class='ocr_line' id='line_1_21' title="bbox 383 2053 2323 2122; baseline -0.002 -16"><span class='ocrx_word' id='word_1_184' title='bbox 383 2059 547 2106; x_wconf 89' lang='lat' dir='ltr'>civitas</span> <span class='ocrx_word' id='word_1_185' title='bbox 571 2056 700 2122; x_wconf 88' lang='lat' dir='ltr'>quafi</span> <span class='ocrx_word' id='word_1_186' title='bbox 727 2056 823 2105; x_wconf 90' lang='lat' dir='ltr'>sola</span> <span class='ocrx_word' id='word_1_187' title='bbox 847 2055 1028 2103; x_wconf 88' lang='lat' dir='ltr'>sederet</span> <span class='ocrx_word' id='word_1_188' title='bbox 1053 2054 1219 2119; x_wconf 88' lang='lat' dir='ltr'>majori</span> <span class='ocrx_word' id='word_1_189' title='bbox 1255 2062 1389 2119; x_wconf 91' lang='lat' dir='ltr'>parte</span> <span class='ocrx_word' id='word_1_190' title='bbox 1414 2053 1575 2119; x_wconf 92' lang='lat' dir='ltr'>populi</span> <span class='ocrx_word' id='word_1_191' title='bbox 1601 2053 1836 2108; x_wconf 89' lang='lat' dir='ltr'>destituta,</span> <span class='ocrx_word' id='word_1_192' title='bbox 1869 2054 2032 2118; x_wconf 90' lang='lat' dir='ltr'>perfidi</span> <span class='ocrx_word' id='word_1_193' title='bbox 2062 2054 2323 2103; x_wconf 88' lang='lat' dir='ltr'>Corosmini</span> 
     </span>
     <span class='ocr_line' id='line_1_22' title="bbox 387 2132 2325 2202; baseline -0.001 -17"><span class='ocrx_word' id='word_1_194' title='bbox 387 2138 433 2185; x_wconf 93' lang='lat' dir='ltr'>in</span> <span class='ocrx_word' id='word_1_195' title='bbox 460 2138 623 2202; x_wconf 84' lang='lat' dir='ltr'>ipsam,</span> <span class='ocrx_word' id='word_1_196' title='bbox 649 2135 837 2183; x_wconf 91' lang='lat' dir='ltr'>nemine</span> <span class='ocrx_word' id='word_1_197' title='bbox 864 2134 1115 2189; x_wconf 84' lang='lat' dir='ltr'>resistente,</span> <span class='ocrx_word' id='word_1_198' title='bbox 1141 2134 1452 2188; x_wconf 87' lang='lat' dir='ltr'>intraverunt;</span> <span class='ocrx_word' id='word_1_199' title='bbox 1489 2132 1733 2180; x_wconf 79' lang='lat' dir='ltr'>ecclesiam</span> <span class='ocrx_word' id='word_1_200' title='bbox 1758 2133 1954 2197; x_wconf 89' lang='lat' dir='ltr'>sepulcri</span> <span class='ocrx_word' id='word_1_201' title='bbox 1994 2133 2252 2189; x_wconf 88' lang='lat' dir='ltr'>Dominici,</span> <span class='ocrx_word' id='word_1_202' title='bbox 2278 2144 2325 2183; x_wconf 87' lang='lat' dir='ltr'>et</span> 
     </span>
     <span class='ocr_line' id='line_1_23' title="bbox 382 2211 2323 2282; baseline -0.001 -18"><span class='ocrx_word' id='word_1_203' title='bbox 382 2217 609 2282; x_wconf 90' lang='lat' dir='ltr'>populum</span> <span class='ocrx_word' id='word_1_204' title='bbox 639 2214 957 2264; x_wconf 90' lang='lat' dir='ltr'>Christianum</span> <span class='ocrx_word' id='word_1_205' title='bbox 989 2214 1069 2278; x_wconf 92' lang='lat' dir='ltr'>qui</span> <span class='ocrx_word' id='word_1_206' title='bbox 1103 2212 1163 2260; x_wconf 89' lang='lat' dir='ltr'>ad</span> <span class='ocrx_word' id='word_1_207' title='bbox 1197 2213 1343 2278; x_wconf 86' lang='lat' dir='ltr'>ipsam</span> <span class='ocrx_word' id='word_1_208' title='bbox 1375 2213 1690 2277; x_wconf 86' lang='lat' dir='ltr'>confugerant</span> <span class='ocrx_word' id='word_1_209' title='bbox 1722 2211 1785 2259; x_wconf 92' lang='lat' dir='ltr'>ibi</span> <span class='ocrx_word' id='word_1_210' title='bbox 1818 2229 1902 2277; x_wconf 93' lang='lat' dir='ltr'>pro</span> <span class='ocrx_word' id='word_1_211' title='bbox 1932 2212 2102 2261; x_wconf 88' lang='lat' dir='ltr'>Christi</span> <span class='ocrx_word' id='word_1_212' title='bbox 2135 2215 2323 2262; x_wconf 88' lang='lat' dir='ltr'>nomine</span> 
     </span>
     <span class='ocr_line' id='line_1_24' title="bbox 382 2290 2324 2359; baseline -0.001 -16"><span class='ocrx_word' id='word_1_213' title='bbox 382 2296 640 2343; x_wconf 87' lang='lat' dir='ltr'>martirium</span> <span class='ocrx_word' id='word_1_214' title='bbox 673 2293 922 2359; x_wconf 91' lang='lat' dir='ltr'>recepturi,</span> <span class='ocrx_word' id='word_1_215' title='bbox 958 2294 1004 2341; x_wconf 93' lang='lat' dir='ltr'>in</span> <span class='ocrx_word' id='word_1_216' title='bbox 1037 2309 1133 2357; x_wconf 91' lang='lat' dir='ltr'>qua</span> <span class='ocrx_word' id='word_1_217' title='bbox 1160 2291 1395 2341; x_wconf 89' lang='lat' dir='ltr'>Dominus</span> <span class='ocrx_word' id='word_1_218' title='bbox 1426 2291 1580 2340; x_wconf 90' lang='lat' dir='ltr'>noster</span> <span class='ocrx_word' id='word_1_219' title='bbox 1611 2290 1747 2340; x_wconf 91' lang='lat' dir='ltr'>Jesus</span> <span class='ocrx_word' id='word_1_220' title='bbox 1776 2291 1987 2340; x_wconf 88' lang='lat' dir='ltr'>Christus</span> <span class='ocrx_word' id='word_1_221' title='bbox 2024 2293 2143 2340; x_wconf 90' lang='lat' dir='ltr'>infra</span> <span class='ocrx_word' id='word_1_222' title='bbox 2175 2296 2324 2342; x_wconf 90' lang='lat' dir='ltr'>crucis</span> 
     </span>
     <span class='ocr_line' id='line_1_25' title="bbox 384 2372 2322 2439; baseline -0.001 -16"><span class='ocrx_word' id='word_1_223' title='bbox 384 2375 648 2439; x_wconf 84' lang='lat' dir='ltr'>patibulum</span> <span class='ocrx_word' id='word_1_224' title='bbox 673 2373 837 2422; x_wconf 82' lang='lat' dir='ltr'>effudit</span> <span class='ocrx_word' id='word_1_225' title='bbox 861 2373 1138 2439; x_wconf 89' lang='lat' dir='ltr'>sanguinem</span> <span class='ocrx_word' id='word_1_226' title='bbox 1163 2373 1295 2421; x_wconf 91' lang='lat' dir='ltr'>suum</span> <span class='ocrx_word' id='word_1_227' title='bbox 1327 2372 1589 2438; x_wconf 89' lang='lat' dir='ltr'>preciosum</span> <span class='ocrx_word' id='word_1_228' title='bbox 1620 2388 1704 2436; x_wconf 89' lang='lat' dir='ltr'>pro</span> <span class='ocrx_word' id='word_1_229' title='bbox 1729 2372 1876 2420; x_wconf 91' lang='lat' dir='ltr'>salute</span> <span class='ocrx_word' id='word_1_230' title='bbox 1901 2373 2089 2437; x_wconf 89' lang='lat' dir='ltr'>generis</span> <span class='ocrx_word' id='word_1_231' title='bbox 2114 2372 2322 2429; x_wconf 87' lang='lat' dir='ltr'>humani,</span> 
     </span>
     <span class='ocr_line' id='line_1_26' title="bbox 387 2451 2322 2519; baseline 0.001 -18"><span class='ocrx_word' id='word_1_232' title='bbox 387 2455 433 2501; x_wconf 91' lang='lat' dir='ltr'>in</span> <span class='ocrx_word' id='word_1_233' title='bbox 458 2471 537 2501; x_wconf 87' lang='lat' dir='ltr'>ore</span> <span class='ocrx_word' id='word_1_234' title='bbox 563 2454 707 2519; x_wconf 87' lang='lat' dir='ltr'>gladii</span> <span class='ocrx_word' id='word_1_235' title='bbox 733 2452 1055 2501; x_wconf 88' lang='lat' dir='ltr'>miserabiliter</span> <span class='ocrx_word' id='word_1_236' title='bbox 1079 2452 1388 2507; x_wconf 89' lang='lat' dir='ltr'>trucidarunt,</span> <span class='ocrx_word' id='word_1_237' title='bbox 1413 2451 1685 2516; x_wconf 91' lang='lat' dir='ltr'>pavimenta</span> <span class='ocrx_word' id='word_1_238' title='bbox 1709 2451 1853 2500; x_wconf 91' lang='lat' dir='ltr'>totius</span> <span class='ocrx_word' id='word_1_239' title='bbox 1877 2451 2070 2500; x_wconf 90' lang='lat' dir='ltr'>ecclefie</span> <span class='ocrx_word' id='word_1_240' title='bbox 2095 2453 2322 2518; x_wconf 88' lang='lat' dir='ltr'>sanguine</span> 
     </span>
     <span class='ocr_line' id='line_1_27' title="bbox 387 2530 2322 2596; baseline 0.001 -16"><span class='ocrx_word' id='word_1_241' title='bbox 387 2534 627 2581; x_wconf 90' lang='lat' dir='ltr'>martirum</span> <span class='ocrx_word' id='word_1_242' title='bbox 652 2532 957 2580; x_wconf 87' lang='lat' dir='ltr'>rubricantes.</span> <span class='ocrx_word' id='word_1_243' title='bbox 1009 2531 1137 2588; x_wconf 85' lang='lat' dir='ltr'>Quid</span> <span class='ocrx_word' id='word_1_244' title='bbox 1162 2531 1326 2596; x_wconf 84' lang='lat' dir='ltr'>plura?</span> <span class='ocrx_word' id='word_1_245' title='bbox 1354 2530 1620 2579; x_wconf 90' lang='lat' dir='ltr'>sacerdotes</span> <span class='ocrx_word' id='word_1_246' title='bbox 1645 2530 1690 2578; x_wconf 93' lang='lat' dir='ltr'>in</span> <span class='ocrx_word' id='word_1_247' title='bbox 1717 2530 1941 2579; x_wconf 90' lang='lat' dir='ltr'>altaribus</span> <span class='ocrx_word' id='word_1_248' title='bbox 1966 2531 2104 2596; x_wconf 90' lang='lat' dir='ltr'>ipfius</span> <span class='ocrx_word' id='word_1_249' title='bbox 2129 2532 2322 2582; x_wconf 82' lang='lat' dir='ltr'>ecclesie</span> 
     </span>
     <span class='ocr_line' id='line_1_28' title="bbox 387 2609 2322 2675; baseline 0.001 -15"><span class='ocrx_word' id='word_1_250' title='bbox 387 2612 696 2667; x_wconf 88' lang='lat' dir='ltr'>celebrantes,</span> <span class='ocrx_word' id='word_1_251' title='bbox 722 2627 829 2659; x_wconf 91' lang='lat' dir='ltr'>cum</span> <span class='ocrx_word' id='word_1_252' title='bbox 853 2610 1149 2659; x_wconf 68' lang='lat' dir='ltr'>sacrosanfflza</span> <span class='ocrx_word' id='word_1_253' title='bbox 1172 2609 1376 2658; x_wconf 89' lang='lat' dir='ltr'>misteria</span> <span class='ocrx_word' id='word_1_254' title='bbox 1400 2609 1699 2665; x_wconf 87' lang='lat' dir='ltr'>conficerent,</span> <span class='ocrx_word' id='word_1_255' title='bbox 1725 2609 1942 2658; x_wconf 89' lang='lat' dir='ltr'>manibus</span> <span class='ocrx_word' id='word_1_256' title='bbox 1974 2610 2221 2675; x_wconf 90' lang='lat' dir='ltr'>impiorum</span> <span class='ocrx_word' id='word_1_257' title='bbox 2246 2629 2322 2661; x_wconf 90' lang='lat' dir='ltr'>ca-</span> 
     </span>
     <span class='ocr_line' id='line_1_29' title="bbox 386 2689 2320 2756; baseline 0.001 -17"><span class='ocrx_word' id='word_1_258' title='bbox 386 2692 560 2756; x_wconf 87' lang='lat' dir='ltr'>pitibus</span> <span class='ocrx_word' id='word_1_259' title='bbox 591 2690 855 2739; x_wconf 88' lang='lat' dir='ltr'>detruncati</span> <span class='ocrx_word' id='word_1_260' title='bbox 888 2690 1059 2754; x_wconf 90' lang='lat' dir='ltr'>seipsos</span> <span class='ocrx_word' id='word_1_261' title='bbox 1094 2689 1202 2738; x_wconf 91' lang='lat' dir='ltr'>Deo</span> <span class='ocrx_word' id='word_1_262' title='bbox 1233 2689 1354 2755; x_wconf 88' lang='lat' dir='ltr'>patri</span> <span class='ocrx_word' id='word_1_263' title='bbox 1387 2689 1433 2737; x_wconf 96' lang='lat' dir='ltr'>in</span> <span class='ocrx_word' id='word_1_264' title='bbox 1467 2689 1742 2738; x_wconf 89' lang='lat' dir='ltr'>sacrificium</span> <span class='ocrx_word' id='word_1_265' title='bbox 1774 2689 2059 2738; x_wconf 87' lang='lat' dir='ltr'>obtulerunt.</span> <span class='ocrx_word' id='word_1_266' title='bbox 2133 2690 2178 2739; x_wconf 89' lang='lat' dir='ltr'>O</span> <span class='ocrx_word' id='word_1_267' title='bbox 2208 2692 2320 2740; x_wconf 89' lang='lat' dir='ltr'>felix</span> 
     </span>
     <span class='ocr_line' id='line_1_30' title="bbox 386 2767 2319 2835; baseline 0.001 -17"><span class='ocrx_word' id='word_1_268' title='bbox 386 2772 544 2818; x_wconf 89' lang='lat' dir='ltr'>anima</span> <span class='ocrx_word' id='word_1_269' title='bbox 578 2769 785 2835; x_wconf 90' lang='lat' dir='ltr'>magistri</span> <span class='ocrx_word' id='word_1_270' title='bbox 819 2769 946 2817; x_wconf 91' lang='lat' dir='ltr'>Petri</span> <span class='ocrx_word' id='word_1_271' title='bbox 982 2769 1042 2817; x_wconf 92' lang='lat' dir='ltr'>de</span> <span class='ocrx_word' id='word_1_272' title='bbox 1079 2768 1392 2817; x_wconf 86' lang='lat' dir='ltr'>Montrandal</span> <span class='ocrx_word' id='word_1_273' title='bbox 1432 2767 1690 2824; x_wconf 89' lang='lat' dir='ltr'>Remenfis,</span> <span class='ocrx_word' id='word_1_274' title='bbox 1722 2776 1770 2816; x_wconf 91' lang='lat' dir='ltr'>et</span> <span class='ocrx_word' id='word_1_275' title='bbox 1807 2768 2054 2817; x_wconf 86' lang='lat' dir='ltr'>Sconenfis</span> <span class='ocrx_word' id='word_1_276' title='bbox 2089 2772 2319 2828; x_wconf 88' lang='lat' dir='ltr'>canonici,</span> 
     </span>
     <span class='ocr_line' id='line_1_31' title="bbox 385 2847 2320 2916; baseline 0.001 -18"><span class='ocrx_word' id='word_1_277' title='bbox 385 2867 573 2898; x_wconf 91' lang='lat' dir='ltr'>crucem</span> <span class='ocrx_word' id='word_1_278' title='bbox 601 2849 794 2898; x_wconf 90' lang='lat' dir='ltr'>Domini</span> <span class='ocrx_word' id='word_1_279' title='bbox 819 2848 1075 2914; x_wconf 88' lang='lat' dir='ltr'>bajulando</span> <span class='ocrx_word' id='word_1_280' title='bbox 1100 2849 1285 2896; x_wconf 89' lang='lat' dir='ltr'>secutus</span> <span class='ocrx_word' id='word_1_281' title='bbox 1309 2847 1377 2896; x_wconf 91' lang='lat' dir='ltr'>est</span> <span class='ocrx_word' id='word_1_282' title='bbox 1401 2864 1524 2896; x_wconf 91' lang='lat' dir='ltr'>eum.</span> <span class='ocrx_word' id='word_1_283' title='bbox 1583 2847 1707 2896; x_wconf 91' lang='lat' dir='ltr'>Cum</span> <span class='ocrx_word' id='word_1_284' title='bbox 1732 2848 1855 2896; x_wconf 91' lang='lat' dir='ltr'>enim</span> <span class='ocrx_word' id='word_1_285' title='bbox 1881 2848 1927 2895; x_wconf 92' lang='lat' dir='ltr'>in</span> <span class='ocrx_word' id='word_1_286' title='bbox 1952 2848 2147 2897; x_wconf 89' lang='lat' dir='ltr'>ecclefia</span> <span class='ocrx_word' id='word_1_287' title='bbox 2171 2850 2320 2916; x_wconf 92' lang='lat' dir='ltr'>sepul-</span> 
     </span>
     <span class='ocr_line' id='line_1_32' title="bbox 385 2926 2319 2993; baseline 0.001 -15"><span class='ocrx_word' id='word_1_288' title='bbox 385 2931 449 2978; x_wconf 91' lang='lat' dir='ltr'>cri</span> <span class='ocrx_word' id='word_1_289' title='bbox 477 2929 670 2978; x_wconf 90' lang='lat' dir='ltr'>Domini</span> <span class='ocrx_word' id='word_1_290' title='bbox 696 2927 988 2977; x_wconf 87' lang='lat' dir='ltr'>celebrarent</span> <span class='ocrx_word' id='word_1_291' title='bbox 1013 2927 1059 2975; x_wconf 91' lang='lat' dir='ltr'>in</span> <span class='ocrx_word' id='word_1_292' title='bbox 1083 2927 1189 2975; x_wconf 91' lang='lat' dir='ltr'>loco</span> <span class='ocrx_word' id='word_1_293' title='bbox 1220 2927 1408 2992; x_wconf 91' lang='lat' dir='ltr'>proprio</span> <span class='ocrx_word' id='word_1_294' title='bbox 1432 2943 1528 2992; x_wconf 91' lang='lat' dir='ltr'>quo</span> <span class='ocrx_word' id='word_1_295' title='bbox 1552 2926 1673 2975; x_wconf 88' lang='lat' dir='ltr'>filius</span> <span class='ocrx_word' id='word_1_296' title='bbox 1700 2926 1798 2975; x_wconf 93' lang='lat' dir='ltr'>Dei</span> <span class='ocrx_word' id='word_1_297' title='bbox 1826 2926 1938 2976; x_wconf 93' lang='lat' dir='ltr'>Deo</span> <span class='ocrx_word' id='word_1_298' title='bbox 1975 2928 2095 2993; x_wconf 91' lang='lat' dir='ltr'>patri</span> <span class='ocrx_word' id='word_1_299' title='bbox 2125 2929 2319 2979; x_wconf 68' lang='lat' dir='ltr'>victima</span> 
     </span>
     <span class='ocr_line' id='line_1_33' title="bbox 384 3005 2316 3072; baseline 0.001 -15"><span class='ocrx_word' id='word_1_300' title='bbox 384 3010 451 3057; x_wconf 88' lang='lat' dir='ltr'>est</span> <span class='ocrx_word' id='word_1_301' title='bbox 483 3009 685 3064; x_wconf 88' lang='lat' dir='ltr'>oblatus,</span> <span class='ocrx_word' id='word_1_302' title='bbox 719 3008 917 3072; x_wconf 91' lang='lat' dir='ltr'>seipsum</span> <span class='ocrx_word' id='word_1_303' title='bbox 955 3006 1015 3055; x_wconf 89' lang='lat' dir='ltr'>ab</span> <span class='ocrx_word' id='word_1_304' title='bbox 1053 3006 1206 3071; x_wconf 90' lang='lat' dir='ltr'>impiis</span> <span class='ocrx_word' id='word_1_305' title='bbox 1238 3005 1497 3054; x_wconf 88' lang='lat' dir='ltr'>trucidatus</span> <span class='ocrx_word' id='word_1_306' title='bbox 1532 3005 1702 3053; x_wconf 89' lang='lat' dir='ltr'>obtulit</span> <span class='ocrx_word' id='word_1_307' title='bbox 1733 3005 1931 3055; x_wconf 88' lang='lat' dir='ltr'>hostiam</span> <span class='ocrx_word' id='word_1_308' title='bbox 1968 3006 2080 3055; x_wconf 91' lang='lat' dir='ltr'>Jesu</span> <span class='ocrx_word' id='word_1_309' title='bbox 2115 3007 2316 3058; x_wconf 89' lang='lat' dir='ltr'>Christo.</span> 
     </span>
     <span class='ocr_line' id='line_1_34' title="bbox 387 3083 2319 3154; baseline 0.001 -18"><span class='ocrx_word' id='word_1_310' title='bbox 387 3087 544 3154; x_wconf 91' lang='lat' dir='ltr'>Hujus</span> <span class='ocrx_word' id='word_1_311' title='bbox 568 3105 677 3140; x_wconf 91' lang='lat' dir='ltr'>vero</span> <span class='ocrx_word' id='word_1_312' title='bbox 702 3086 878 3152; x_wconf 90' lang='lat' dir='ltr'>perfide</span> <span class='ocrx_word' id='word_1_313' title='bbox 914 3086 1070 3152; x_wconf 90' lang='lat' dir='ltr'>gentis</span> <span class='ocrx_word' id='word_1_314' title='bbox 1094 3085 1304 3134; x_wconf 90' lang='lat' dir='ltr'>sordities</span> <span class='ocrx_word' id='word_1_315' title='bbox 1329 3092 1376 3133; x_wconf 89' lang='lat' dir='ltr'>et</span> <span class='ocrx_word' id='word_1_316' title='bbox 1400 3083 1653 3133; x_wconf 90' lang='lat' dir='ltr'>crudelitas</span> <span class='ocrx_word' id='word_1_317' title='bbox 1684 3084 1864 3133; x_wconf 90' lang='lat' dir='ltr'>infinita</span> <span class='ocrx_word' id='word_1_318' title='bbox 1893 3085 2178 3136; x_wconf 88' lang='lat' dir='ltr'>Sarracenos</span> <span class='ocrx_word' id='word_1_319' title='bbox 2203 3088 2319 3138; x_wconf 90' lang='lat' dir='ltr'>alios</span> 
     </span>
     <span class='ocr_line' id='line_1_35' title="bbox 384 3163 2317 3232; baseline 0.001 -17"><span class='ocrx_word' id='word_1_320' title='bbox 384 3168 430 3216; x_wconf 90' lang='lat' dir='ltr'>in</span> <span class='ocrx_word' id='word_1_321' title='bbox 463 3168 675 3232; x_wconf 90' lang='lat' dir='ltr'>nequitia</span> <span class='ocrx_word' id='word_1_322' title='bbox 710 3165 943 3231; x_wconf 88' lang='lat' dir='ltr'>superavit</span> <span class='ocrx_word' id='word_1_323' title='bbox 979 3164 1237 3220; x_wconf 90' lang='lat' dir='ltr'>universos;</span> <span class='ocrx_word' id='word_1_324' title='bbox 1273 3164 1354 3230; x_wconf 92' lang='lat' dir='ltr'>qui</span> <span class='ocrx_word' id='word_1_325' title='bbox 1376 3163 1495 3213; x_wconf 88' lang='lat' dir='ltr'>&#39;cum</span> <span class='ocrx_word' id='word_1_326' title='bbox 1530 3163 1782 3212; x_wconf 87' lang='lat' dir='ltr'>Ierusalem</span> <span class='ocrx_word' id='word_1_327' title='bbox 1816 3164 1970 3230; x_wconf 90' lang='lat' dir='ltr'>sepius</span> <span class='ocrx_word' id='word_1_328' title='bbox 2000 3166 2317 3232; x_wconf 79' lang='lat' dir='ltr'>occupafl&#39;ent,</span> 
     </span>
     <span class='ocr_line' id='line_1_36' title="bbox 385 3242 2317 3312; baseline 0.001 -16"><span class='ocrx_word' id='word_1_329' title='bbox 385 3255 625 3312; x_wconf 90' lang='lat' dir='ltr'>utcunque</span> <span class='ocrx_word' id='word_1_330' title='bbox 659 3247 704 3294; x_wconf 92' lang='lat' dir='ltr'>in</span> <span class='ocrx_word' id='word_1_331' title='bbox 730 3245 1032 3294; x_wconf 87' lang='lat' dir='ltr'>veneratione</span> <span class='ocrx_word' id='word_1_332' title='bbox 1058 3243 1326 3299; x_wconf 89' lang='lat' dir='ltr'>servabant;</span> <span class='ocrx_word' id='word_1_333' title='bbox 1356 3243 1555 3299; x_wconf 91' lang='lat' dir='ltr'>Grecos,</span> <span class='ocrx_word' id='word_1_334' title='bbox 1583 3242 1833 3299; x_wconf 87' lang='lat' dir='ltr'>Armenos,</span> <span class='ocrx_word' id='word_1_335' title='bbox 1859 3242 2105 3295; x_wconf 89' lang='lat' dir='ltr'>Jacobitas</span> <span class='ocrx_word' id='word_1_336' title='bbox 2129 3254 2176 3295; x_wconf 93' lang='lat' dir='ltr'>et</span> <span class='ocrx_word' id='word_1_337' title='bbox 2201 3248 2317 3297; x_wconf 88' lang='lat' dir='ltr'>alios</span> 
     </span>
    </p>

    <p class='ocr_par' dir='ltr' id='par_1_5' title="bbox 876 3341 908 3372">
     <span class='ocr_line' id='line_1_37' title="bbox 876 3341 908 3372; baseline 0 0"><span class='ocrx_word' id='word_1_338' title='bbox 876 3341 908 3372; x_wconf 86' lang='lat' dir='ltr'>x</span> 
     </span>
    </p>
   </div>
  </div>
 </body>
</html>
