2846 3874
160 1508 220 1542 fol.
241 1511 298 1542 35.

376 486 508 536 A.D.
552 489 693 540 1217.
836 482 1262 533 CHRONICA
1307 482 1408 531 DE
1455 481 1841 531 MAILROS.
2233 488 2320 532 131

377 625 569 692 Anglie.
642 624 719 674 Ex
741 631 876 691 parte
899 641 1011 674 vero
1038 623 1303 673 Laodouici
1328 630 1430 673 erat
1463 639 1574 689 pars
1607 623 1815 672 maxima
1842 623 1987 672 totius
2010 623 2196 672 miliciae
2223 624 2322 672 An-

371 706 576 772 glicane,
600 721 787 754 necnon
811 713 859 755 et
886 705 1152 754 Gallicane.
1227 704 1356 753 Inter
1380 720 1501 770 quos
1528 703 1601 752 isti
1635 704 1826 754 fuerunt
1856 702 2144 760 famofiores,
2181 705 2321 752 mars-

372 786 519 835 callus
545 785 776 834 Franciee
799 801 908 834 cum
931 785 1014 834 sua
1037 785 1244 850 sequela,
1270 800 1430 833 comes
1454 783 1515 832 de
1550 783 1824 839 Perches,38
1846 783 2107 833 avunculus
2132 791 2183 832 ut
2207 784 2319 833 dici-

371 874 445 915 tur
468 865 610 932 ipfius
631 865 911 921 Laodouici,
937 865 1317 930 consanguineus
1334 880 1446 912 vero
1470 864 1710 929 utriusque
1734 864 1876 929 regis,
1899 864 2075 929 Anglie
2100 863 2319 913 videlicet

372 955 419 994 et
446 946 661 1001 Francie,
686 962 795 994 cum
817 946 900 993 sua
934 943 1142 1009 sequela,
1179 951 1227 992 et
1262 943 1341 991 alii
1375 950 1626 1009 magnates
1654 943 1811 991 Gallie
1837 943 2186 1009 quamplurimi,
2211 960 2320 992 cum

371 1026 617 1074 innumera
641 1025 871 1089 equitum,
897 1031 1200 1078 armatorum,
1226 1022 1467 1078 clientum,
1493 1021 1847 1070 albasteriorum
1872 1031 1919 1071 et
1953 1023 2167 1088 pediturn
2200 1025 2318 1073 mul-

370 1106 586 1153 titudine.
639 1105 776 1159 Item,
802 1120 860 1151 ex
883 1110 1018 1168 parte
1037 1101 1302 1151 Laodouici
1321 1108 1454 1150 erant
1471 1102 1572 1150 fere
1596 1118 1761 1150 omnes
1778 1110 2027 1167 magnates
2046 1111 2094 1151 et
2117 1103 2318 1152 barones

372 1184 564 1249 Anglie.
604 1182 680 1231 Ex
694 1190 829 1248 parte
845 1190 1006 1231 autem
1023 1181 1267 1247 H[enrici]
1286 1182 1396 1230 novi
1411 1181 1537 1247 regis
1553 1189 1653 1230 erat
1667 1182 1964 1247 supradictus
1977 1182 2041 1230 G.
2052 1184 2317 1239 cardinalis,

368 1264 449 1328 qui
468 1264 608 1312 sacris
632 1264 823 1312 indutus
842 1262 1128 1311 vestimentis
1152 1262 1378 1310 incedens
1397 1278 1561 1310 omnes
1584 1262 1797 1310 fautores
1824 1261 2089 1310 Laodouici
2113 1264 2316 1311 auetori-

368 1351 467 1391 tate
484 1343 579 1391 Dei
602 1343 954 1408 Omnipotentis
969 1349 1017 1390 et
1035 1342 1213 1390 domini
1228 1359 1366 1407 papae
1385 1342 1826 1390 excommunicavit.
1876 1341 2027 1390 Erant
2042 1342 2186 1391 etiam
2210 1360 2317 1391 cum

367 1424 447 1472 illo
481 1423 859 1488 archiepiscopus
890 1421 1219 1478 Eboracenfis,
1252 1429 1301 1470 et
1330 1422 1409 1470 alii
1438 1421 1517 1487 vij.
1551 1421 1774 1487 episcopi,
1810 1421 2030 1470 videlicet
2066 1422 2317 1471 Wirecest-

367 1503 524 1558 renfis,
559 1502 905 1557 Herfordenfis,
943 1501 1283 1557 Salesbirenfis,
1317 1501 1672 1557 Lincolnienfis,
1707 1501 1941 1557 Baenfis,h
1975 1501 2317 1557 Eccestrenfis,i

368 1590 415 1630 et
443 1582 821 1638 Wincestrenfis;
858 1599 1044 1630 necnon
1069 1588 1117 1630 et
1147 1589 1348 1647 uterque
1377 1580 1646 1630 Willelmus
1670 1582 1940 1629 marscallus
1968 1582 2161 1647 Anglie,
2199 1582 2316 1630 Wil-

366 1663 535 1711 lelmus
562 1662 735 1726 Longa
762 1663 910 1727 spata,
939 1679 1099 1710 comes
1135 1661 1415 1716 Salesbiriae,
1449 1668 1497 1709 et
1528 1678 1688 1709 comes
1713 1661 1773 1708 de
1800 1660 1928 1709 Alba
1956 1678 2102 1717 mare,
2136 1670 2184 1709 et
2222 1662 2315 1710 Ro—

367 1742 526 1791 bertus
551 1742 610 1790 de
636 1741 961 1806 Ueteriponte,
990 1741 1135 1790 Brian
1159 1742 1219 1790 de
1242 1741 1415 1797 Insula,
1439 1741 1701 1789 Gaufridus
1727 1741 1786 1789 de
1812 1740 2004 1797 Neuile,
2030 1742 2315 1790 camerarius

369 1821 563 1888 Anglie,
588 1830 636 1870 et
663 1821 894 1870 Ricardus
918 1822 1041 1869 filius
1067 1821 1298 1870 Johannis
1322 1821 1465 1887 regis.
1522 1820 1577 1868 In
1601 1821 1693 1869 hoc
1717 1821 1860 1886 igitur
1884 1822 2125 1877 conflictu,
2150 1838 2315 1870 omnes

366 1901 539 1966 pariter
563 1902 645 1965 qui
670 1918 728 1949 ex
751 1908 885 1966 parte
913 1900 1178 1949 Laodouici
1203 1908 1352 1956 erant,
1378 1900 1587 1966 pondere
1613 1901 2114 1949 excommunicationis
2145 1919 2314 1967 aggra—

365 1982 476 2036 vati,
501 1981 777 2029 miraculose
803 1997 833 2028 a
863 1981 1027 2045 paucis
1052 1981 1179 2046 capti
1210 1981 1330 2036 sunt,
1356 1987 1404 2028 et
1432 1981 1480 2027 in
1512 1981 1611 2045 ipsa
1638 1979 1887 2028 Lincolnia
1919 1980 2226 2036 incarcerati3
2266 1989 2312 2028 et

365 2059 495 2125 quod
512 2060 651 2108 valde
670 2060 928 2109 dolendum
947 2061 1116 2116 extitit,
1140 2059 1311 2109 nobilis
1335 2060 1413 2108 ille
1432 2060 1589 2108 dictus
1615 2076 1774 2108 comes
1798 2060 1858 2107 de
1880 2059 2060 2108 Perche
2080 2061 2126 2107 in
2146 2060 2315 2109 eodem

366 2141 591 2189 conflictu
613 2140 717 2206 post
739 2140 934 2206 longam
959 2148 1007 2188 et
1031 2140 1262 2189 diutinam
1286 2140 1354 2188 sui
1380 2138 1701 2188 defensionem
1726 2139 1904 2188 crudeli
1928 2140 2067 2188 nimis
2092 2140 2316 2188 violentia

364 2228 562 2270 necatus
587 2220 824 2269 occubuit.

434 2300 623 2349 Eodem
647 2317 771 2348 anno
791 2300 869 2365 vij.
896 2300 1002 2348 idus
1032 2299 1325 2365 Septembris
1354 2299 1494 2365 [Sep.
1522 2299 1593 2364 7],
1620 2305 1913 2365 congregato
1950 2300 2161 2364 generali
2186 2317 2315 2348 exer-

369 2380 465 2427 citu
487 2381 632 2429 totius
658 2380 836 2446 Anglie
860 2387 908 2428 et
932 2396 1109 2445 magna
1131 2388 1267 2445 parte
1290 2379 1478 2428 miliciae
1507 2379 1757 2428 Gallicane
1782 2380 1906 2427 circa
1928 2378 2220 2435 Lundonias,
2247 2397 2315 2427 re-

370 2459 606 2507 conciliati
634 2460 739 2508 sunt
773 2458 1080 2508 Laodouicus
1102 2460 1226 2509 filius
1254 2460 1380 2525 regis
1407 2459 1624 2514 Francie,
1651 2467 1698 2508 et
1732 2458 2016 2524 H[enricus]
2053 2476 2203 2507 novus
2234 2476 2314 2507 rex

372 2538 590 2604 Anglie,ii
612 2539 929 2587 mediantibus
957 2539 1201 2604 sepedicto
1229 2539 1292 2587 G.
1319 2539 1560 2587 cardinale
1586 2547 1633 2588 et
1658 2539 1898 2603 utriusque
1923 2539 2057 2603 regni
2081 2540 2315 2603 magnati-

369 2618 479 2673 bus;
515 2618 583 2666 ita
605 2626 766 2667 tamen
790 2619 920 2684 quod
943 2618 1074 2668 dieto
1102 2618 1382 2668 Laodouico
1407 2618 1630 2667 darentur
1654 2636 1699 2666 x.
1724 2636 1779 2666 M.
1805 2619 2029 2666 librarum
2063 2618 2111 2665 in
2136 2634 2314 2665 recom-

370 2698 694 2763 pensationem
717 2699 1027 2763 expensarum
1050 2699 1251 2747 suarum.
1324 2698 1509 2747 Ibidem
1532 2715 1643 2747 vero
1665 2698 1969 2746 Laodouicus
1993 2697 2054 2745 de
2077 2697 2315 2762 papilione

370 2779 453 2825 sua
477 2777 539 2824 ad
562 2778 818 2826 tentorium
842 2777 1092 2826 cardinalis
1117 2778 1370 2826 discinctus
1395 2785 1443 2826 et
1468 2778 1764 2828 discalciatus
1789 2794 1897 2826 cum
1922 2777 2013 2826 suis
2038 2777 2315 2825 commilito-

368 2857 507 2906 nibus
530 2857 675 2913 venit,
700 2856 1044 2906 absolutionem
1076 2857 1324 2922 petiturus,
1349 2857 1431 2905 ubi
1455 2857 1648 2906 tandem
1672 2857 1875 2922 praestito
1900 2857 2028 2922 prius
2044 2856 2315 2921 juramento

369 2936 521 2985 standi
539 2937 720 3002 judicio
746 2935 955 2992 ecclesie,
973 2944 1020 2984 et
1044 2937 1173 3001 quod
1197 2936 1319 2984 infra
1342 2944 1522 2984 certum
1541 2937 1791 2984 terminum
1816 2936 1875 2983 de
1900 2937 1947 2984 se
1966 2944 2014 2983 et
2037 2936 2129 2984 suis
2148 2935 2315 3001 Angli-

371 3033 449 3064 am
473 3024 739 3072 evacuaret,
773 3015 1084 3064 desideratam
1116 3014 1364 3080 adep[tus]
1402 3015 1469 3063 est
1501 3015 1859 3064 absolutionem.
1931 3014 2146 3064 Barones
2170 3015 2315 3064 etiam

435 3122 452 3144 ⁸
473 3123 635 3159 Nevelon
649 3123 793 3159 d’Arras
806 3123 877 3159 and
891 3123 1015 3169 Henry
1030 3123 1191 3158 Clement
1203 3134 1296 3158 were
1308 3121 1478 3158 marshals
1491 3122 1534 3158 of
1546 3122 1679 3158 Ptance
1695 3128 1732 3158 at
1743 3122 1814 3158 this
1830 3122 1964 3170 period.
1999 3123 2164 3165 Hemult,
2177 3134 2213 3169 p.
2231 3125 2317 3163 139;

368 3179 428 3214 M.
449 3179 561 3219 Paris,
581 3191 616 3226 p.
637 3181 718 3214 205.
903 3178 939 3199 ⁸⁸
961 3179 1028 3214 See
1048 3178 1168 3220 L‘Art,
1187 3178 1257 3213 xiii.
1280 3181 1358 3219 181,
1379 3181 1470 3218 8vo;
1490 3178 1549 3213 M.
1562 3179 1673 3220 Paris,
1693 3190 1729 3225 p.
1742 3180 1825 3214 205.
2006 3179 2025 3199 ¹³
2044 3179 2319 3215 Bathoniensis‘?

369 3234 379 3253 ¹
399 3234 608 3271 Exoniensis
618 3235 635 3270 Ρ
850 3235 873 3255 “
892 3234 952 3270 M.
967 3236 1080 3275 Paris,
1099 3246 1134 3281 p.
1154 3235 1239 3275 207,
1256 3234 1351 3280 gives
1368 3234 1430 3270 the
1447 3235 1636 3270 substance
1654 3234 1696 3270 of
1705 3234 1768 3270 the
1785 3241 1996 3280 agreement,
2020 3234 2141 3272 which
2156 3235 2203 3272 he
2218 3235 2317 3272 dates

369 3305 466 3341 upon
482 3295 544 3330 the
563 3295 649 3331 llth
667 3295 710 3331 of
724 3296 940 3343 September.
