2904 3886
123 1057 184 1092 sol.
204 1060 264 1093 63.
282 1058 315 1092 b.

374 511 506 561 A.D.
549 510 690 561 1264.
839 507 1265 558 CHRONICA
1310 507 1411 556 DE
1459 505 1846 556 MAILROS.
2221 511 2310 560 193

370 652 553 701 missum
585 651 652 700 est
682 651 882 718 prelium
912 647 1249 716 supradictum.
1323 647 1433 696 Post
1456 648 1592 714 cujus
1620 646 1852 704 habitum,
1876 654 1928 696 ut
1960 645 2142 696 dictum
2174 646 2256 704 est,
2281 665 2310 695 a

372 731 628 781 baronibus
651 730 989 796 trihumphum,
1014 746 1178 778 omnes
1200 745 1311 777 mox
1335 727 1528 777 exulant
1560 727 1844 794 alienigene,
1868 734 2037 793 praeter
2066 726 2309 776 Simonem

373 810 433 860 de
459 811 629 860 Monte
663 810 790 866 forti,
823 817 870 859 et
903 808 1200 875 paucissimos
1235 825 1294 857 ex
1329 807 1609 874 alienigenis
1639 808 1722 873 qui
1750 824 1859 856 cum
1893 807 1972 855 illo
2003 815 2151 856 erant.
2225 805 2307 854 Hii

373 906 538 939 omnes
562 891 706 939 etiam
730 907 839 938 cum
856 887 1166 954 jurejurando
1190 887 1239 936 in
1263 887 1436 937 sanctis
1460 887 1719 953 evangeliis
1741 886 1941 936 fideliter
1965 887 2024 936 de
2055 886 2149 936 fide
2174 886 2308 935 baro-

372 986 485 1018 num
510 970 779 1018 extiterunt.
835 968 953 1016 Erat
977 975 1138 1016 autem
1167 966 1331 1015 Simon
1362 983 1522 1014 comes
1548 963 1832 1032 Leycestrie,
1858 974 1905 1015 et
1936 965 2111 1032 generd
2141 983 2308 1031 preno-

371 1049 536 1098 minati
559 1049 699 1114 regis.
756 1047 866 1095 Fuit
891 1047 1016 1095 enim
1034 1046 1102 1094 vir
1126 1045 1347 1111 optimus,
1365 1051 1415 1092 et
1439 1045 1487 1093 in
1511 1044 1651 1093 rebus
1675 1045 1856 1094 bellicis
1879 1045 2064 1094 strenue
2089 1046 2309 1111 gerendis

371 1137 515 1193 atque
538 1126 838 1192 providendis
861 1126 977 1173 mire
1001 1124 1222 1190 providus
1247 1130 1294 1172 et
1319 1124 1697 1188 circumspectus,
1717 1124 1968 1173 bellicosus
1986 1125 2123 1174 valde
2142 1134 2189 1174 et
2213 1127 2309 1192 ipse

370 1207 526 1263 miles;
550 1213 742 1272 propter
760 1204 889 1270 quod
908 1204 1155 1269 elegerunt
1174 1219 1283 1251 eum
1301 1202 1504 1252 barones
1523 1210 1575 1251 ut
1593 1203 1793 1269 preesset
1811 1203 1939 1253 bello
1958 1205 2144 1253 illorum
2163 1214 2307 1271 atque

371 1285 584 1335 confiliis.
656 1284 774 1333 Erat
798 1291 958 1332 autem
982 1282 1208 1332 oriundus
1232 1281 1292 1331 de
1327 1299 1504 1348 genere
1530 1282 1934 1349 Francigenarum
1958 1301 2204 1350 procerum
2229 1303 2311 1351 po-

370 1364 639 1414 tiffimorum
658 1365 802 1413 totius
824 1363 1039 1418 Francie,
1060 1381 1088 1410 a
1106 1362 1279 1428 quibus
1303 1363 1400 1428 ipse
1424 1379 1519 1411 non
1539 1363 1852 1429 degenerans,
1878 1363 2035 1413 similis
2060 1365 2219 1414 factus
2244 1365 2311 1413 est

372 1445 461 1501 eis;
485 1445 628 1494 homo
648 1444 806 1492 divina
823 1443 1034 1508 preditus
1052 1443 1281 1508 sapientia
1299 1450 1346 1491 et
1366 1442 1562 1491 cautelis
1581 1443 1770 1508 optimis
1794 1443 2091 1501 habundans,
2111 1462 2311 1510 quarum

372 1542 514 1573 unam
538 1524 716 1589 placuit
740 1523 817 1571 hic
841 1523 1128 1571 interserere.
1203 1521 1328 1570 Cum
1364 1522 1490 1570 enim
1523 1522 1781 1591 educturus
1806 1523 1919 1572 effet
1948 1523 2111 1572 Simon
2137 1526 2311 1574 exerci-

372 1612 472 1653 tum
500 1601 898 1652 Londonienfium
923 1609 1086 1651 contra
1109 1618 1273 1667 regem
1298 1600 1360 1649 ad
1383 1601 1560 1650 bellum
1583 1610 1912 1659 memoratum,
1948 1604 2112 1668 paucis
2145 1603 2311 1654 diebus

373 1691 482 1732 ante
507 1683 685 1731 exitum
708 1682 908 1737 illorum,
928 1681 1054 1746 juffit
1072 1681 1223 1730 extrui
1248 1698 1434 1729 currum
1458 1680 1721 1738 subdolum,
1741 1699 1884 1748 quem
1907 1683 2023 1731 foris
2049 1684 2162 1731 fecit
2187 1685 2310 1733 ferro

371 1779 454 1828 per
477 1770 630 1810 totum
654 1761 862 1826 contegi,
894 1761 941 1808 in
969 1778 1064 1826 quo
1089 1761 1208 1809 duos
1242 1761 1427 1810 inclitos
1451 1759 1708 1826 burgenses
1739 1761 2004 1827 grandevos
2031 1761 2309 1813 Londonice

373 1842 575 1891 civitatis
599 1839 795 1896 intrufit,
822 1840 934 1905 quia
953 1839 1319 1888 adversabantur
1344 1841 1387 1888 ei
1413 1848 1459 1888 et
1484 1841 1694 1889 universe
1721 1841 1914 1897 civitati,
1939 1843 2306 1908 frequentiflime

372 1921 706 1987 persuadentes
730 1920 818 1969 illis
842 1936 903 1969 ne
927 1936 1036 1969 cum
1059 1919 1253 1968 Simone
1278 1927 1442 1968 contra
1467 1937 1630 1985 regem
1649 1920 1844 1969 exirent.
1896 1921 2039 1978 Quod
2057 1938 2165 1971 cum
2184 1940 2310 1971 com-

371 2009 557 2066 pertum
581 2000 735 2049 fuisset
760 1999 957 2055 Simoni,
981 1999 1201 2047 nimirum
1235 2006 1426 2065 propter
1462 1999 1606 2048 talem
1642 2000 1827 2048 illorum
1861 2000 2088 2066 iniquam,
2112 2002 2309 2059 fatuam,

371 2088 418 2129 et
442 2080 732 2146 pertinacem
756 2078 1117 2145 persuasionem,
1141 2078 1320 2127 intrufit
1338 2096 1436 2134 eos,
1462 2087 1513 2127 ut
1538 2078 1720 2128 dictum
1744 2079 1825 2128 est.
1880 2080 2172 2146 Egrediente
2197 2100 2311 2147 ergo

372 2159 432 2209 ab
457 2159 573 2208 urbe
599 2159 807 2208 exercitu
831 2165 1110 2214 memorato,
1133 2157 1297 2207 Simon
1322 2158 1484 2207 eduxit
1508 2175 1604 2208 una
1629 2176 1737 2207 cum
1761 2159 1850 2208 illis
1869 2160 2064 2209 callidos
2082 2160 2186 2210 illos
2210 2179 2311 2227 per-

372 2241 581 2289 suasores
605 2239 653 2287 in
678 2254 831 2294 curru,
854 2254 916 2286 ne
940 2238 1062 2286 forte
1093 2238 1346 2287 redderent
1377 2238 1623 2287 civitatem
1648 2238 1709 2287 ad
1735 2256 1854 2305 opus
1878 2240 2018 2306 regis,
2045 2240 2157 2288 dum
2182 2259 2311 2290 exer-

373 2319 493 2368 citus
520 2318 879 2376 Londoniarum
901 2317 1014 2366 esset
1038 2318 1085 2365 in
1110 2317 1411 2383 expeditione
1448 2325 1612 2367 contra
1648 2335 1825 2384 regem.
1900 2319 2127 2370 Habebat
2152 2330 2311 2370 autem

373 2415 534 2447 currus
553 2399 832 2446 intrusorum
848 2396 1105 2462 quemdam
1124 2397 1375 2463 angustum
1391 2397 1623 2463 egressum
1642 2415 1725 2463 per
1746 2416 1888 2464 quem
1907 2399 2118 2448 solebant
2137 2402 2308 2467 prefati

375 2478 509 2526 senes
542 2494 639 2525 non
672 2476 767 2524 fine
793 2477 928 2524 affita
959 2476 1171 2525 custodia
1207 2477 1370 2542 egredi
1405 2483 1453 2526 et
1487 2477 1687 2542 ingredi,
1724 2495 1809 2542 pro
1844 2478 2110 2528 necessariis
2143 2488 2309 2528 nature

375 2556 635 2622 explendis.
690 2555 871 2604 Verum
894 2555 1044 2620 pridie
1069 2572 1213 2620 quam
1237 2556 1414 2604 bellum
1438 2556 1807 2606 committeretur
1830 2558 1951 2605 inter
1973 2575 2135 2624 regem
2159 2567 2206 2608 et
2230 2559 2310 2608 ba-

375 2653 528 2692 rones,
554 2635 969 2700 advesperascente
994 2634 1165 2683 eodem
1189 2635 1283 2691 die,
1308 2634 1560 2700 ingressum
1590 2653 1674 2701 per
1698 2653 1840 2701 quem
1865 2637 1926 2685 ad
1962 2639 2311 2702 prenominatos

376 2715 632 2780 burgenses
657 2731 750 2779 que
775 2714 837 2762 ad
861 2731 980 2779 opus
1003 2714 1280 2763 victualium
1305 2722 1437 2763 erant
1468 2715 1722 2764 necessaria
1748 2715 1959 2764 solebant
1996 2717 2162 2772 afferri,
2188 2718 2310 2767 adeo

377 2794 563 2842 robuste
594 2794 759 2843 Simon
791 2793 948 2842 claudi
984 2801 1276 2859 preceperat,
1301 2801 1354 2842 ut
1378 2795 1530 2844 omnis
1553 2796 1756 2844 exeundi
1782 2795 1841 2844 de
1866 2803 2023 2844 cetero
2048 2797 2234 2862 penitus
2258 2798 2310 2846 li-

377 2874 538 2923 bertas
565 2873 633 2922 eis
657 2873 955 2921 adimeretur.
1029 2872 1084 2921 In
1108 2873 1211 2938 giro
1236 2890 1350 2939 ergo
1375 2873 1498 2923 illius
1522 2891 1683 2923 currus
1714 2875 1933 2923 vexillula
1956 2876 2054 2932 sua,
2079 2893 2172 2941 que
2196 2895 2310 2943 pen-

378 2953 476 3002 filia
499 2953 816 3009 nominantur,
846 2952 1011 3001 Simon
1034 2952 1148 3001 fecit
1172 2953 1394 3018 appendi,
1419 2961 1471 3001 ut
1494 2971 1577 3019 per
1601 2971 1659 3002 ea
1683 2954 1983 3003 deluderetur
2005 2972 2086 3004 rex
2111 2964 2158 3005 et
2182 2974 2310 3007 exer-

381 3033 501 3082 citus
526 3031 627 3098 ejus
652 3032 765 3080 dum
795 3039 1016 3097 putarent
1045 3031 1287 3080 Simonem
1311 3031 1402 3081 effe
1426 3032 1474 3080 in
1498 3050 1651 3089 curru,
1676 3033 1723 3082 in
1748 3051 1843 3099 quo
1874 3051 1969 3082 non
2001 3042 2102 3084 erat
2130 3035 2309 3087 Simon.

383 3111 500 3161 Erat
520 3119 679 3160 autem
709 3111 872 3160 Simon
895 3118 1009 3159 tunc
1033 3111 1309 3160 delitescens
1339 3111 1387 3160 in
1410 3111 1525 3161 locis
1549 3112 1816 3170 nemorofis,
1848 3114 2087 3164 montibus
2111 3123 2158 3164 et
2189 3117 2312 3182 rupi-

383 3191 471 3241 bus
505 3192 748 3258 prearduis
783 3190 993 3257 undique
1028 3190 1407 3248 circumobseffis,
1444 3190 1723 3242 distantibus
1766 3192 1826 3242 ab
1870 3193 2045 3260 oppido
2086 3193 2311 3253 Lawenfi,

482 3293 499 3314 ‘¹
527 3293 648 3330 Simon
664 3294 709 3331 de
729 3293 902 3330 Montsort
918 3293 989 3330 had
1005 3293 1152 3330 married
1171 3293 1327 3336 Alianor,
1347 3295 1447 3331 sister
1463 3301 1503 3330 to
1523 3295 1645 3344 Henry
1664 3295 1734 3332 111.
1782 3297 1902 3344 Dugd.
1921 3297 2051 3333 Boron:
2070 3298 2092 3333 i.
2114 3299 2194 3337 752.

877 3358 908 3404 2
933 3371 961 3403 Β
