2904 3886
128 2850 188 2886 fol.
207 2853 264 2886 64.
283 2852 318 2885 b.

369 479 502 533 ΑΒ.
543 478 682 530 1264.
846 474 1272 531 CHRONICA
1314 473 1415 524 DE
1465 472 1851 527 MAILROS.
2214 479 2303 529 195

365 618 606 684 presertim
640 617 721 683 qui
753 632 899 683 prope
930 632 1116 666 currum
1146 616 1351 673 fuerant,
1382 616 1503 665 vires
1535 616 1745 681 integras
1775 615 2088 664 servaverunt.
2161 612 2301 683 Unde

364 698 583 755 nimirum
606 697 770 763 postea
797 712 882 762 per
913 713 1103 746 omnem
1129 695 1324 751 modurn
1354 695 1587 747 robustius
1618 702 1948 762 pugnaverunt
1973 702 2136 744 contra
2162 694 2302 743 seffos
2374 711 2377 713 ·

366 778 425 827 de
451 777 660 827 exercitu
683 777 824 843 regis.
879 775 960 825 Ad
983 776 1075 825 hoc
1099 783 1260 825 autem
1283 775 1457 841 partim
1480 775 1748 824 examitum
1767 782 1868 824 erat
1891 792 1973 824 vas
1998 775 2224 830 dolosum,
2250 782 2302 823 ut

365 857 554 909 cautela
572 857 684 906 effet
701 855 1120 922 superhabundans
1135 855 1261 904 circa
1276 855 1583 904 salvationem
1598 855 1769 904 civium
1788 854 2065 903 Londonice
2081 854 2299 908 civitatis,

366 945 419 987 ut
435 937 547 987 dum
566 937 614 986 in
633 937 735 1002 ejus
752 935 1076 985 violentiflima
1095 934 1412 983 debellatione
1431 935 1568 999 supra
1585 934 1779 983 modum
1797 942 2075 983 vexarentur
2098 935 2299 1000 regales,

365 1018 552 1082 penitus
576 1015 991 1070 confunderentur,
1016 1021 1065 1062 et
1086 1012 1444 1062 Londonienses
1466 1013 1753 1062 salvarentur
1777 1014 1913 1069 vires,
1934 1022 1985 1062 ut
2010 1014 2191 1062 (Ιίἇὶυῐη
2216 1014 2298 1068 est,

365 1114 424 1146 ex
448 1097 704 1153 sufficiente
732 1094 1005 1159 integritate
1036 1094 1290 1141 servantes.
1360 1092 1475 1140 Non
1507 1109 1622 1158 ergo
1655 1092 1831 1158 absque
1857 1093 2094 1141 amiffione
2118 1095 2299 1148 virium,

364 1192 527 1230 eroum
550 1174 910 1230 fortiffimorum,
943 1189 1038 1221 non
1062 1171 1158 1221 fine
1181 1172 1487 1237 plurimorum
1519 1188 1755 1220 armorum
1787 1172 1968 1237 ingenti
2001 1172 2298 1228 detrimento,

362 1271 456 1303 non
489 1254 666 1318 absque
698 1252 865 1301 sudore
893 1252 1140 1317 pernimio,
1166 1259 1215 1300 et
1243 1251 1564 1300 anxietatibus
1594 1251 1768 1308 multis,
1794 1251 1907 1299 dum
1938 1252 2301 1317 prestantiffimis

362 1333 707 1401 pugnatoribus
739 1331 997 1380 succedunt
1029 1348 1152 1396 eque
1184 1330 1524 1396 prestantiffimi
1557 1339 1922 1396 expugnatores,
1959 1331 2069 1379 hinc
2101 1332 2209 1380 inde
2241 1332 2301 1380 de

361 1414 570 1465 exercitu
594 1412 720 1478 regis
744 1413 806 1460 ad
829 1429 911 1460 vas
935 1410 1308 1477 inexpugnabile
1341 1411 1521 1476 impetu
1545 1411 1676 1476 quafi
1696 1411 1876 1460 ‘furioso
1901 1419 2140 1460 currentes
2163 1429 2300 1477 prop-

360 1502 431 1546 ter
455 1494 714 1547 Simonem,
740 1509 884 1556 quem
907 1492 1032 1540 intus
1051 1490 1142 1539 efl'e
1166 1490 1415 1555 putabant,
1435 1490 1793 1547 extrahendum,
1813 1492 2018 1556 expensa
2036 1491 2102 1540 est
2124 1508 2301 1557 magna

363 1589 472 1638 pars
500 1572 623 1620 illius
653 1571 747 1620 diei
784 1587 907 1637 pene
937 1571 1083 1635 usque
1116 1570 1178 1619 ad
1210 1570 1432 1619 ofitavam
1462 1570 1644 1619 horam.
1719 1570 1868 1636 Igitur
1900 1570 2029 1635 quafi
2060 1570 2218 1620 furiosi
2253 1572 2300 1619 in

361 1650 615 1716 semetipsis
651 1651 747 1700 aeti
781 1649 1006 1699 fortiffimi
1042 1650 1167 1716 regis
1202 1649 1470 1714 bellatores,
1506 1649 1788 1698 validiffimis
1823 1650 2106 1699 clamoribus
2142 1667 2300 1699 aerem

362 1731 662 1796 repleverunt
684 1729 1014 1785 vociferantes,
1040 1737 1071 1759 ‘⁶
1096 1719 1277 1785 Simon,
1307 1729 1487 1785 Simon,
1512 1730 1619 1778 veni
1648 1730 1832 1778 foras!’'
1907 1729 2152 1778 Rebantur
2176 1731 2301 1779 enim

363 1810 492 1876 quod
521 1809 686 1859 Simon
716 1809 927 1858 habebat
958 1809 1233 1858 intrinsecus
1258 1809 1386 1874 apud
1410 1810 1456 1857 se
1481 1809 1725 1874 ingenium
1749 1826 1844 1874 quo
1868 1809 2017 1874 poffet
2039 1809 2123 1858 fibi
2147 1812 2302 1877 egres-

362 1891 462 1938 sum
486 1891 644 1938 facere
669 1906 696 1937 e
721 1906 873 1938 curru.
947 1888 1089 1937 Unde
1124 1888 1417 1945 creberrimis
1452 1889 1868 1938 vociferationibus
1903 1890 2300 1946 exclamaverunt,

363 1978 393 1999 ‘⁶
420 1968 527 2024 Exi,
554 1968 644 2024 exi,
675 1968 839 2017 Simon
864 1967 1076 2018 diabole!
1108 1968 1336 2034 egredere
1359 1969 1419 2017 de
1444 1985 1596 2024 curru,
1632 1968 1841 2034 proditor
1873 1969 2120 2034 peflime!”
2194 1969 2302 2019 Hec

362 2056 410 2097 et
432 2048 522 2097 hiis
546 2047 711 2096 similia
735 2047 849 2096 dum
874 2047 1097 2097 altiffonis
1121 2048 1317 2097 vocibus
1347 2049 1501 2113 sepius
1532 2048 1829 2114 replicarent,
1855 2049 2053 2097 audiunt
2078 2049 2138 2098 ab
2164 2050 2301 2098 intre-

361 2129 494 2177 secus
518 2127 676 2192 pofitis
699 2144 794 2176 non
818 2127 883 2177 ibi
908 2127 1001 2176 effe
1032 2127 1275 2177 Simonem
1299 2144 1442 2193 quem
1466 2135 1685 2192 querunt,
1709 2128 1790 2176 sed
1814 2129 1860 2176 se
1885 2128 2004 2177 duos
2029 2130 2154 2178 cives
2176 2129 2301 2178 Lon-

361 2207 518 2263 donie,
543 2223 662 2272 quos
681 2207 728 2254 in
753 2213 1076 2271 contemptum
1100 2208 1226 2273 regis
1255 2207 1420 2256 Simon
1443 2208 1647 2256 noscitur
1670 2207 1936 2273 prodidisse,
1962 2217 1993 2238 ‘⁶
2011 2226 2072 2258 ne
2098 2209 2158 2257 ad
2183 2227 2302 2275 opus

361 2286 535 2351 regis,'’
563 2286 796 2351 inquiunt,
822 2294 853 2316 ‘⁶
879 2303 907 2334 a
930 2285 1068 2335 nobis
1092 2286 1257 2335 civitas
1284 2285 1643 2336 Londoniarum
1674 2287 1964 2344 redderetur,
1988 2287 2022 2337 fi
2053 2289 2156 2354 post
2184 2290 2301 2338 alios

362 2381 482 2429 quos
510 2364 675 2414 Simon
699 2365 861 2414 eduxit
892 2373 1024 2414 extra
1055 2366 1295 2415 civitatem
1320 2374 1483 2415 contra
1507 2383 1670 2433 regem
1702 2367 1763 2415 ad
1788 2367 1980 2424 bellum,
2005 2368 2052 2417 in
2085 2369 2301 2418 domibus

361 2443 527 2492 nostris
550 2443 968 2492 remanfiffemus.'’

430 2522 495 2571 Et
513 2522 754 2573 sciendum
777 2523 908 2588 quod
930 2539 1071 2572 nemo
1095 2524 1193 2572 sani
1213 2525 1380 2589 capitis
1405 2524 1548 2573 debet
1572 2525 1760 2573 censere
1785 2541 1941 2590 neque
1961 2526 2199 2591 appellare
2230 2528 2299 2576 Si-

362 2618 551 2652 monem
580 2602 770 2651 nomine
804 2602 1070 2668 proditoris.
1141 2603 1256 2652 Non
1288 2604 1413 2652 enim
1440 2604 1530 2652 fuit
1561 2603 1786 2669 proditor,
1812 2605 1880 2653 set
1907 2604 2001 2654 Dei
2026 2605 2218 2654 ecclefie
2250 2608 2298 2655 in

366 2681 545 2747 Anglia
569 2680 884 2731 devotiffimus
915 2682 1066 2731 cultor
1097 2689 1145 2731 et
1175 2682 1458 2732 fideliflimus
1487 2684 1744 2748 protecfi'cor,
1777 2684 2006 2749 regnique
2033 2684 2297 2750 Anglorum

362 2762 543 2810 scutum
568 2768 615 2809 et
639 2760 871 2816 defensor,
896 2761 1269 2827 alienigenarum
1292 2762 1508 2812 inimicus
1532 2770 1579 2811 et
1604 2763 1834 2827 expulsor,
1860 2764 2073 2828 quamvis
2096 2764 2193 2829 ipse
2216 2782 2318 2813 nas

362 2841 491 2889 tione
515 2857 637 2891 unus
662 2840 776 2889 effet
799 2857 858 2890 ex
881 2840 986 2890 illis.
1036 2840 1168 2890 Juste
1187 2858 1302 2907 ergo
1326 2842 1533 2897 tradidit,
1557 2859 1652 2891 non
1676 2842 1880 2906 prodidit
1903 2859 2026 2907 pene
2051 2842 2169 2892 duos
2188 2861 2297 2893 con-

362 2919 642 2970 tradictores
677 2920 926 2986 indigenas
959 2936 1043 2985 per
1078 2937 1279 2976 currum,
1315 2921 1396 2986 qui
1431 2921 1669 2969 civitatem
1704 2921 1922 2970 omnibus
1962 2921 2296 2972 Christianismi

362 2999 573 3049 curribus
597 3007 645 3049 et
676 2999 880 3049 turribus
902 2999 1163 3055 meliorem,
1191 2999 1520 3048 Londonicam
1543 3000 1710 3065 loquor
1739 3000 1920 3057 urbem,
1944 3001 2191 3051 voluerunt
2215 3003 2296 3051 ali-

363 3078 550 3129 enando
575 3087 786 3128 avertere
812 3096 840 3127 a
863 3080 1079 3128 succursu
1109 3078 1356 3135 baronum,
1389 3096 1497 3128 cum
1527 3078 1623 3128 fine
1654 3087 1785 3128 tante
1817 3080 2016 3130 civitatis
2047 3082 2219 3131 eximio
2251 3091 2298 3131 et

364 3159 654 3223 permaximo
689 3158 879 3215 auxilio,
904 3157 1222 3224 expulsionem
1255 3158 1514 3207 alienorum
1544 3159 1813 3208 nullatenus
1840 3160 1999 3209 facere
2029 3161 2295 3226 potuifl'ent,

364 3244 553 3304 propter
569 3238 857 3306 ⁴potestatem
883 3238 1080 3304 regiam,
1106 3254 1199 3304 que
1223 3237 1432 3304 undique
1456 3254 1538 3288 eos
1562 3238 1942 3288 circumvallavit.
2013 3239 2104 3289 Pro
2129 3258 2186 3291 eo
2210 3241 2296 3307 igi-
