2904 3886
647 499 745 548 216
1113 500 1537 550 CHRONICA
1580 501 1681 550 DE
1731 500 2118 553 MAILROS.
2258 505 2575 557 AA.D.,1268.

649 639 725 704 vij.
751 639 955 688 infantes
986 655 1080 686 uno
1112 638 1190 686 die
1213 638 1378 703 egreffi
1409 639 1514 687 sunt
1537 638 1598 688 de
1621 647 1756 689 utero
1780 640 1918 689 unius
1947 641 2171 698 mulieris,
2195 650 2248 691 ut
2276 642 2578 709 liquetdicko

648 718 782 773 libro,
808 718 1013 782 capitulo
1038 717 1305 782 iiij.;—-nec
1333 717 1532 781 yfidoro,
1563 717 1682 767 libro
1707 718 1770 784 xj.
1797 718 2137 786 Ethimologie,
2163 722 2371 786 capitulo
2402 723 2487 789 iij„
2509 725 2578 775 di-

648 797 788 850 centi,
813 796 941 860 quod
965 796 1159 861 quidam
1190 797 1405 845 homines
1429 797 1610 846 dentati
1641 799 1914 854 nascuntur,
1932 799 2126 864 quidam
2158 799 2359 858 barbati,
2383 802 2577 867 quidam

648 875 776 930 cani;
809 883 856 922 et
881 875 1009 940 quod
1032 875 1205 924 vitulus
1227 883 1367 924 natus
1397 876 1486 924 fuit
1518 893 1577 924 ex
1607 876 1818 933 muliere,
1849 885 1897 926 et
1928 877 2058 943 quod
2081 879 2175 928 alia
2197 880 2363 929 mulier
2394 883 2576 947 peperit

645 955 905 1018 serpentem
917 971 1086 1010 3—nec
1110 955 1294 1020 insuper
1312 955 1521 1011 credent,
1540 956 1669 1021 quod
1687 956 1913 1022 elephans
1931 958 2114 1022 peperit
2132 959 2410 1024 serpentem,
2430 969 2481 1009 ut
2495 961 2577 1010 ha-

641 1033 781 1081 betur
805 1034 1074 1099 supradicto
1105 1034 1223 1082 libro
1251 1035 1405 1090 Plinii,
1438 1035 1644 1100 capitulo
1676 1036 1960 1101 supradicto.
2034 1037 2212 1086 Ductis
2247 1038 2389 1104 igitur
2423 1039 2577 1105 hujus-

643 1112 770 1160 modi
795 1113 1169 1162 similitudinibus
1193 1122 1355 1162 contra
1377 1115 1648 1170 mendaces,
1679 1123 1868 1180 propter
1897 1115 2154 1172 Simonem,
2179 1118 2324 1183 queso
2348 1126 2400 1167 ut
2423 1119 2577 1168 nullus

646 1192 705 1241 de
730 1209 787 1240 eo
812 1192 1095 1257 obloquatur
1119 1210 1202 1257 per
1225 1193 1418 1241 modum
1443 1193 1763 1250 detrafifionis,
1787 1211 1848 1243 ne
1872 1195 1993 1243 forte
2018 1196 2343 1260 apprehendat
2361 1215 2471 1247 eum
2495 1199 2577 1248 ali-

644 1289 738 1336 qua
774 1289 832 1320 ex
868 1272 1122 1321 ultionibus
1153 1273 1319 1320 merito
1356 1280 1545 1337 propter
1582 1273 1940 1330 detractionem,
1978 1275 2025 1322 in
2063 1275 2234 1340 quibus
2273 1278 2482 1326 nonnulli
2518 1296 2576 1328 ex

644 1352 810 1400 emulis
835 1353 937 1416 ejus
960 1352 1280 1417 temporaliter
1304 1352 1453 1416 perire
1477 1360 1762 1401 meruerunt.
1836 1353 1946 1401 Fuit
1969 1361 2017 1402 et
2047 1355 2211 1403 Simon
2235 1355 2523 1406 descendens
2547 1376 2575 1405 a

644 1432 751 1479 viris
786 1431 1029 1486 bellicosis,
1055 1448 1084 1478 a
1107 1430 1277 1495 quibus
1309 1431 1404 1495 ipse
1436 1447 1530 1478 non
1556 1431 1851 1496 degenerans
1882 1431 2039 1480 fimilis
2070 1433 2228 1482 &titus
2263 1442 2364 1482 erat
2394 1435 2499 1492 illis,
2524 1445 2574 1484 ut

644 1510 965 1575 supradictum
989 1510 1072 1564 est,
1097 1510 1163 1557 vir
1187 1509 1449 1564 bellicosus,
1474 1510 1521 1557 in
1546 1510 1816 1558 occubitum
1840 1511 2002 1558 mortis
2026 1512 2250 1560 tranffens
2274 1520 2463 1577 propter
2481 1515 2574 1579 jus-

643 1590 795 1637 titiam
818 1590 866 1636 in
891 1588 1031 1644 bello,
1056 1588 1170 1636 ficut
1195 1587 1277 1652 ipfi
1301 1589 1441 1636 causa
1458 1588 1636 1652 justitie
1661 1589 1984 1637 occubuerunt
2007 1590 2054 1638 in
2079 1590 2219 1646 bello,
2244 1591 2419 1640 scilicet
2442 1601 2574 1657 pater

643 1669 759 1731 ejus,
786 1685 899 1715 avus
923 1668 1039 1732 ejus,
1064 1684 1266 1732 proavus
1290 1667 1408 1731 ejus,
1434 1674 1619 1716 attavus
1644 1668 1760 1732 ejus,
1787 1667 2037 1717 abattavus
2060 1669 2177 1734 ejus.

687 1803 936 1851 EXPLICIT
962 1819 1267 1852 OPUSCULUM
1292 1818 1358 1850 DE
1386 1818 1560 1851 NOBILI
1592 1802 1790 1851 SIMONE
1821 1820 1886 1851 DE
1915 1803 2107 1853 MONTE
2136 1821 2533 1868 FORTIUEDITUM.

713 2001 900 2049 CEssrr
920 2001 1073 2048 officio
1105 2000 1467 2048 abbatizationis
1491 2001 1571 2048 sue
1590 2000 1806 2049 dominus
1824 2001 1853 2049 J
1856 2001 2067 2050 ohannes
2085 2001 2144 2050 de
2163 2002 2405 2057 Edirham‚
2425 2004 2573 2052 abbas

644 2082 702 2129 de
729 2081 923 2135 Melros,
957 2080 1031 2127 cui
1066 2079 1272 2127 succefflt
1306 2079 1522 2127 dominus
1560 2079 1795 2128 Robertus
1827 2081 1886 2128 de
1922 2081 2189 2136 Keldeleht,
2221 2082 2480 2130 monachus
2512 2083 2571 2130 de

643 2159 890 2213 Neubotil,
915 2158 995 2222 qui
1020 2159 1147 2222 prius
1171 2159 1326 2205 suerat
1350 2158 1498 2206 abbas
1522 2158 1581 2206 de
1609 2159 1936 2207 Dunfermelin
1961 2167 2008 2207 et
2033 2160 2338 2208 cancellarius
2368 2160 2551 2209 Scocie.

710 2238 851 2285 Anno
878 2237 1071 2284 Domini
1095 2237 1335 2284 M.cc.lxix.
1373 2237 1624 2302 gloriosum
1659 2238 1916 2302 principem
1951 2255 2113 2303 regem
2148 2238 2345 2286 Francie
2378 2248 2569 2288 euntem

642 2317 797 2366 versus
828 2325 998 2364 terram
1033 2316 1261 2371 sanctam,
1297 2316 1505 2364 inmensa
1538 2317 1761 2364 violentia
1795 2324 2040 2365 ventorum
2076 2318 2124 2365 in
2154 2318 2271 2365 mari
2299 2317 2472 2366 Grecie
2509 2319 2569 2367 ab

640 2398 804 2444 itinere
830 2395 994 2443 extulit
1019 2395 1206 2460 incepto
1227 2395 1286 2442 ad
1310 2403 1519 2443 exteram
1543 2396 1808 2451 nacionem,
1833 2413 1976 2461 quam
2002 2413 2110 2444 cum
2134 2396 2355 2451 intrass'et,
2375 2399 2568 2462 cognos-

640 2493 752 2523 cens
776 2475 905 2540 quod
938 2474 1069 2539 regio
1094 2474 1207 2522 effet
1234 2473 1460 2522 Barbarie
1491 2491 1655 2539 regem
1680 2475 1781 2539 ejus
1810 2474 1893 2523 fibi
1923 2474 2206 2540 subjugavit,
2231 2483 2278 2523 et
2301 2476 2567 2540 metropoli-

638 2565 798 2602 tanam
824 2554 925 2618 ejus
944 2554 1196 2609 civitatem,
1217 2553 1424 2602 inclitam
1442 2553 1596 2609 valde,
1621 2553 1873 2610 robustam,
1894 2561 2037 2619 atque
2061 2554 2351 2619 populosam,
2371 2554 2566 2611 obsedit,

640 2643 687 2681 et
712 2634 937 2682 obsefl'am
962 2634 1102 2698 cepit.
1176 2633 1268 2681 Ista
1293 2633 1456 2682 civitas
1482 2632 1657 2682 Tunisr
1678 2634 1868 2682 nomine
1893 2651 2000 2682 cum
2030 2634 2132 2681 aliis
2157 2634 2422 2682 civitatibus
2446 2634 2567 2682 illius

638 2713 844 2778 regionis
868 2712 965 2777 regi
989 2712 1187 2760 Francie
1210 2711 1401 2778 singulis
1425 2712 1558 2760 annis
1581 2729 1807 2778 magnum
1831 2712 1984 2761 reddit
2001 2713 2242 2768 tributum,
2263 2713 2396 2778 cujus
2414 2713 2567 2761 incole

642 2809 786 2839 unum
814 2792 973 2839 Deum
997 2791 1259 2839 altiflimum
1283 2791 1459 2846 colunt,
1491 2808 1586 2839 non
1610 2792 1782 2839 trinum
1806 2792 1853 2840 in
1877 2792 2099 2857 personis,
2124 2799 2172 2840 et
2203 2792 2310 2840 ideo
2342 2791 2566 2857 parceba-

640 2879 714 2918 tur
732 2871 821 2919 illis
838 2888 898 2919 ne
917 2871 1287 2919 interficerentur
1302 2888 1330 2919 a
1350 2870 1559 2926 Francis,
1579 2871 1802 2936 quoniam
1821 2872 1981 2920 colunt
1999 2888 2144 2919 unum
2165 2871 2329 2919 Deum
2346 2870 2441 2920 fine
2458 2871 2566 2936 lege

640 2950 668 2998 J
672 2950 921 3006 udeorum;
941 2949 1035 2999 duo
1052 2950 1273 3015 Episcopi
1291 2951 1457 2998 suntin
1476 2950 1555 2998 illa
1569 2951 1779 3016 regione.
1822 2950 2053 3015 Subje&a
2067 2949 2227 3015 itaque
2243 2950 2436 3015 regione
2454 2947 2566 2998 Bar-

644 3028 774 3077 barie
798 3030 899 3094 regi
926 3029 1140 3086 Francie,
1166 3046 1273 3078 cum
1306 3030 1430 3078 idem
1462 3047 1544 3078 rex
1574 3031 1730 3079 versus
1760 3030 1949 3096 propria
1979 3030 2166 3085 rediret,
2191 3046 2287 3077 una
2316 3045 2423 3076 cum
2454 3026 2567 3092 rege

644 3106 901 3163 Nauernie,
933 3110 1103 3157 mortui
1140 3111 1244 3158 sunt
1285 3109 1424 3158 ambo
1465 3110 1511 3157 in
1552 3110 1649 3165 via;
1690 3126 1798 3158 cum
1838 3108 2009 3175 quibus
2049 3109 2165 3157 obiit
2204 3107 2369 3156 Dauid
2407 3105 2566 3154 comes

1393 3261 1404 3276 ¹
1433 3262 1500 3298 see
1519 3262 1668 3303 Fordun,
1688 3261 1723 3297 ii.
1741 3263 1820 3297 101.

2618 1229 2678 1265 fol.
2699 1231 2755 1267 72.
2775 1231 2810 1265 b.
