2852 3874
538 492 566 535 2
742 505 747 512 ·
970 481 1389 532 CHRONICA
1433 480 1534 530 DE
1578 478 1963 529 MAILROS.
2169 479 2309 529 A.D.
2337 484 2448 535 731.

538 622 708 670 riorum
734 619 972 668 Tatwinus
1000 627 1047 667 et
1072 617 1293 666 Aldulfus
1321 616 1525 681 episcopi
1553 615 1770 681 praesunt,
1805 630 1944 680 porro
1971 615 2216 680 provintiae
2251 617 2453 666 orienta-

538 701 650 749 lium
679 700 915 748 Saxonum
942 695 1276 761 Hingwaldus⁰
1299 695 1559 759 episcopus,
1595 693 1838 759 provintiae
1862 693 2160 742 orientalium
2187 693 2454 760 Anglorum

540 778 803 827 Eadbertus
831 784 877 824 et
914 772 1237 823 Eadhelacusf
1267 773 1487 838 episcopi,
1522 772 1773 837 provinciae
1805 772 2169 825 occidentalium
2211 773 2455 821 Saxonum

540 857 710 905 Daniel
739 863 785 904 et
815 853 1066 902 Fortherus
1095 852 1314 918 episcopi,
1340 851 1590 916 provinciae
1620 851 1909 900 Merciorum
1947 849 2158 900 Alwinus
2192 851 2454 917 episcopus,

537 944 582 984 et
606 935 671 982 eis
706 933 890 998 populis
914 932 994 997 qui
1023 932 1145 979 ultra
1180 947 1368 979 amnem
1398 930 1646 979 Sabrinam
1672 931 1733 978 ad
1756 931 2051 980 occidentem
2074 930 2290 979 habitant
2323 930 2455 979 Wal-

537 1013 692 1060 stodus
727 1012 987 1077 episcopus,
1019 1009 1268 1075 provinciae
1303 1009 1589 1057 Wifiti'orum
1622 1009 1870 1058 Wilfridus
1905 1009 2168 1075 episcopus,
2205 1010 2456 1075 provinciae

540 1091 906 1139 Lindissarorum
938 1088 1258 1137 Cimbrihfitus
1283 1088 1526 1153 episcopus
1562 1087 1748 1153 praeest3
1784 1088 2079 1154 episcopatus
2104 1088 2273 1137 Vectae
2297 1088 2456 1137 insulae

538 1171 598 1218 ad
616 1169 865 1218 Danielem
895 1168 1127 1233 pertinent
1152 1167 1420 1232 episcopum
1448 1166 1637 1215 Wentae
1661 1167 1889 1223 civitatis;
1924 1167 2164 1232 provincia
2187 1167 2456 1216 australium

542 1250 798 1304 Saxonum,
817 1248 918 1312 jam
953 1247 1131 1311 aliquot
1167 1247 1299 1294 annis
1335 1246 1510 1311 absque
1546 1246 1764 1311 episcopo
1799 1263 2011 1302 manens,
2035 1246 2339 1294 ministerium
2374 1246 2456 1295 fibi
2545 1274 2549 1278 -

539 1327 804 1393 episcopale
833 1326 893 1374 ab
917 1325 1278 1374 occidentalium
1309 1325 1550 1373 Saxonum
1574 1325 1777 1373 antistite
1806 1326 1988 1390 quaerit.
2074 1325 2138 1373 Et
2161 1325 2265 1374 heae
2294 1343 2458 1374 omnes

538 1407 786 1472 provinciae
801 1413 1064 1470 ceteraeque
1089 1404 1310 1452 australes
1335 1404 1395 1452 ad
1419 1404 1671 1452 confinium
1695 1404 1840 1469 usque
1867 1403 2096 1452 Humbrae
2114 1404 2333 1461 fluminis,
2350 1423 2458 1454 cum

538 1487 627 1534 suis
652 1493 870 1550 quoque&
892 1484 1096 1550 regibus,
1121 1484 1221 1549 regi
1241 1483 1527 1532 Merciorum
1544 1483 1830 1531 Ethelbaldo
1854 1483 2079 1548 subjectae
2098 1485 2216 1532 sunt.
2263 1484 2330 1532 At
2348 1502 2459 1533 vero

538 1564 786 1629 provinciae
810 1563 1315 1618 Northamimbrorum,
1351 1563 1427 1610 cui
1462 1579 1543 1611 rex
1571 1562 1807 1611 Ceowlfus
1835 1562 2016 1626 praeest,
2043 1563 2163 1627 ‚iiij0r
2190 1579 2316 1611 nunc
2341 1565 2458 1628 epis-

539 1644 642 1707 copi
659 1643 953 1707 praesulatum
971 1649 1154 1696 tenent;
1183 1641 1429 1688 Wilfridus
1453 1641 1499 1688 in
1517 1640 1802 1689 Eboracenfi
1820 1640 2043 1696 aecclefia,
2064 1640 2460 1690 Ethelwaldusush

542 1724 586 1769 in
626 1719 990 1768 Lindisfarnenfi
1020 1719 1244 1775 aecclefia,
1272 1719 1406 1768 Acca
1440 1720 1487 1769 in
1525 1718 1892 1785 Hagustaldenfi
1915 1719 2140 1775 aecclefia,
2188 1719 2463 1769 Pic‘celmusi

537 1802 583 1848 in
608 1817 665 1847 ea
688 1816 793 1863 quae
822 1799 1041 1847 Candida
1069 1799 1191 1847 Casa
1209 1807 1418 1855 vocatur,
1437 1816 1544 1864 quae
1567 1816 1718 1863 nuper
1740 1798 2062 1863 multiplicatis
2085 1798 2294 1847 fidelium
2314 1800 2461 1863 plebi-

538 1880 624 1927 bus
648 1880 694 1926 in
719 1879 874 1926 sedem
898 1878 1197 1942 pontificatus
1216 1878 1392 1932 addita,
1417 1878 1566 1942 ipsum
1589 1877 1790 1941 primum
1813 1876 1958 1924 habet
1983 1876 2251 1925 antistitem.
2298 1878 2458 1926 Picto-

540 1975 642 2005 rum
666 1973 857 2020 quoque
880 1956 1010 2002 natio
1034 1963 1246 2019 tempore
1268 1955 1360 2004 hoc
1384 1964 1432 2004 et
1454 1956 1605 2003 faedus
1628 1955 1773 2003 habet
1808 1956 1939 2019 pacis
1963 1972 2072 2003 cum
2107 1964 2251 2019 gente
2278 1956 2460 2022 Anglo-

541 2052 659 2090 rum,
684 2042 732 2082 et
757 2034 999 2081 catholicae
1028 2034 1158 2097 pacis
1190 2050 1247 2080 ac
1269 2033 1475 2080 veritatis
1500 2049 1608 2081 cum
1632 2033 1877 2081 universali
1902 2033 2110 2081 aecclefia
2124 2036 2359 2100 particeps
2383 2054 2461 2084 ex-

543 2114 676 2162 istere
714 2113 905 2178 gaudet.
998 2112 1146 2160 Scotti
1182 2111 1263 2176 qui
1304 2111 1598 2159 Britanniam
1635 2111 1861 2166 incolunt,
1900 2112 1991 2160 suis
2027 2114 2236 2162 contenti
2274 2115 2460 2171 finibus,

543 2192 683 2240 nichil
724 2199 886 2239 contra
933 2199 1123 2255 gentem
1164 2189 1429 2255 Anglorum
1470 2190 1738 2238 insidiarum
1784 2191 2040 2239 moliuntur
2081 2199 2163 2240 aut
2203 2194 2457 2243 fraudium.

545 2270 790 2319 Britonesk
814 2270 1025 2334 quamvis
1044 2276 1091 2317 et
1114 2270 1318 2317 maxima
1342 2286 1399 2317 ex
1424 2278 1556 2334 parte
1581 2269 1880 2318 domesticos¹
1908 2269 1990 2318 fibi
2015 2271 2124 2319 odio
2149 2280 2341 2336 gentem
2363 2273 2462 2321 An-

544 2351 726 2415 glorum
761 2356 808 2396 et
836 2349 978 2396 totius
1021 2348 1263 2396 catholicae
1294 2347 1464 2396 statum
1499 2347 1758 2397 aecclefiaem
1785 2348 1993 2398 moribus
2021 2350 2246 2414 improbis
2277 2351 2461 2418 impug-

544 2437 671 2483 nent,
697 2436 854 2475 tamen
878 2435 925 2475 et
949 2428 1105 2475 divina
1128 2426 1209 2475 fibi
1239 2434 1286 2475 et
1316 2427 1523 2475 humana
1546 2427 1730 2493 prorsus
1753 2428 1989 2477 refistente
2012 2429 2198 2485 virtute,
2224 2431 2271 2478 in
2295 2439 2463 2479 neutro

546 2508 754 2572 cupitum
782 2506 966 2571 poffunt
990 2506 1202 2555 obtinere
1231 2507 1548 2572 propofitum3
1585 2507 1761 2573 quippe
1786 2508 1883 2572 qui,
1909 2509 2124 2573 quamvis
2148 2526 2206 2557 ex
2238 2519 2371 2575 parte
2396 2511 2464 2559 sui

545 2587 630 2633 fint
661 2586 793 2650 juris,
830 2586 1056 2634 nonnulla
1092 2594 1251 2634 tamen
1282 2604 1339 2635 ex
1377 2595 1510 2652 parte
1542 2586 1810 2652 Anglorum
1841 2587 1945 2635 sunt
1976 2588 2159 2636 servitio
2188 2590 2462 2654 mancipati.

550 2665 659 2721 Qua
683 2665 913 2714 arridente
938 2682 1056 2731 pace
1075 2683 1131 2713 ac
1155 2666 1402 2715 serenitate
1421 2675 1701 2732 temporum,
1725 2667 1881 2732 plures
1904 2667 1952 2715 in
1977 2674 2120 2733 gente
2139 2667 2191 2716 N
2193 2668 2464 2717 orthanum-

546 2744 732 2791 brorum
755 2752 853 2792 tam
868 2744 1048 2793 nobiles
1072 2762 1214 2810 quam
1238 2746 1404 2811 privati
1419 2746 1466 2795 se
1490 2746 1686 2811 suosque
1708 2746 1896 2802 liberos,
1921 2746 2140 2811 depofitis
2165 2747 2320 2802 armis,
2344 2747 2464 2796 sata-

548 2831 663 2887 gunt
686 2824 838 2888 magis
862 2832 1058 2889 accepta
1089 2825 1277 2873 tonsura
1300 2816 1702 2874 monasterialibus
1737 2826 1965 2875 ascribere
1989 2826 2125 2882 votis,
2151 2843 2295 2892 quam
2332 2826 2462 2875 belli-

550 2902 613 2949 cis
636 2919 851 2952 exercere
875 2902 1050 2951 studiis.
1139 2904 1259 2960 Quae
1284 2921 1356 2953 res
1402 2922 1543 2970 quern
1574 2905 1628 2953 fit
1662 2905 1882 2954 habitura
1912 2906 2070 2962 finem,
2099 2905 2324 2971 posterior
2347 2914 2464 2954 aetas

550 2980 736 3027 videbit.
807 2981 899 3030 Hic
934 2982 1000 3030 est
1034 2983 1429 3048 inpraesentiarum
1464 2984 1686 3033 universae
1714 2984 1861 3034 status
1904 2985 2178 3040 Britanniae,
2207 3000 2332 3032 anno
2382 2984 2463 3032 ad-

552 3065 715 3105 ventus
752 3058 1013 3124 Anglorum
1041 3063 1087 3109 in
1122 3062 1415 3111 Britanniam
1450 3064 1631 3113 circiter
1667 3064 1975 3119 cc0.lxxx0.v⁰,
2013 3063 2279 3111 Dominicae
2314 3063 2463 3111 incar-

599 3187 613 3202 ⁰
635 3187 811 3233 Inguuald.
954 3190 966 3210 ¹
983 3191 1173 3227 Aldbercht
1182 3200 1218 3229 et
1233 3193 1404 3229 Hadulac.
1547 3193 1564 3215 ⁸
1586 3193 1768 3240 Quaeque.
1912 3193 1929 3213 ¹¹
1946 3191 2170 3228 Aeviluuald.
2212 3172 2214 3174 Ι
2324 3195 2334 3215 ¹
2352 3193 2463 3229 Pech-

554 3242 670 3278 thelm.
814 3244 827 3264 ¹‘
851 3244 1043 3281 Brettones.
1186 3248 1195 3267 ¹
1217 3248 1431 3285 Domestico.
1575 3247 1600 3263 '¹'
1621 3248 1758 3285 Pascha
1773 3249 1887 3285 minus
1902 3255 1999 3284 recto
2015 3248 2179 3284 moribus.
