2904 3886
595 506 683 557 174
1043 501 1467 571 CHRONICA
1510 497 1611 549 DE
1661 498 2049 551 MAILROS.
2209 503 2342 553 A.D.
2384 509 2528 554 1245.

598 659 691 692 non
716 658 774 692 ex
798 641 1010 691 civilibus
1033 640 1112 689 sed
1141 656 1200 688 ex
1224 638 1543 689 criminalibus
1565 639 1619 689 fit
1646 639 1924 706 processum,
1948 641 2011 689 ad
2041 656 2136 707 que
2166 640 2336 692 frustra
2365 658 2531 710 procu-

598 732 722 772 rator
755 721 1019 776 intervenit,
1050 719 1332 768 nullatenus
1355 726 1626 776 enervatur;
1667 735 1777 769 cum
1808 719 1949 786 ipfius
1980 721 2218 771 'citationis
2248 718 2400 779 tenor,
2435 737 2532 789 que

596 819 682 851 nos
706 810 788 849 aut
819 807 1145 865 procuratores
1172 799 1352 847 nostros
1376 800 1552 865 exegit,
1583 799 1831 849 manifeste
1862 800 2148 849 contrarium
2171 801 2368 851 dediffet
2397 803 2533 852 intel-

595 883 693 946 ligi,
718 880 937 928 videlicet
961 879 1090 944 quod
1120 894 1215 927 non
1240 886 1405 927 contra
1438 895 1525 928 nos
1548 879 1849 928 criminaliter
1880 879 1959 929 sed
1983 887 2168 929 tantum
2199 881 2395 930 civiliter
2417 879 2531 931 effet

596 961 857 1026 agendum3
889 958 1127 1025 praedictis
1151 959 1295 1007 etiam
1313 959 1531 1008 omnibus
1555 959 1732 1024 absque
1750 958 1929 1025 justitie
1960 959 2115 1008 nostre
2147 960 2421 1025 praejudicio
2446 962 2533 1010 cir-

595 1040 897 1104 cumscriptis.
971 1038 1101 1087 Dato
1125 1038 1254 1104 quod
1277 1038 1524 1087 manifeste
1555 1039 1783 1087 fuerimus
1807 1047 2128 1095 contumaces,
2153 1052 2248 1088 non
2273 1039 2341 1088 est
2363 1041 2444 1089 illa
2467 1041 2533 1089 le—

594 1121 761 1185 gitima
796 1118 1094 1168 contumacia
1133 1133 1279 1183 pena3
1319 1118 1544 1183 quoniam
1577 1117 1761 1167 delatus
1797 1126 1879 1167 aut
1911 1119 2157 1167 accusatus
2192 1127 2240 1167 et
2276 1127 2532 1168 contumax

595 1216 676 1264 per
701 1198 993 1246 diffinitivam
1017 1198 1310 1253 sententiam,
1341 1204 1451 1245 ante
1475 1205 1679 1262 caeptum
1703 1198 1789 1246 rite
1814 1194 2047 1263 judicium
2071 1198 2254 1263 privato
2279 1199 2353 1247 vel
2381 1199 2532 1264 publi-

594 1296 651 1327 co
670 1278 850 1343 judicio
874 1277 1003 1325 nullo
1028 1277 1088 1325 de
1112 1278 1195 1325 sua
1218 1278 1359 1325 causa
1383 1276 1578 1325 discufi‘a
1609 1276 1783 1326 debeat
1807 1277 2126 1326 condemnari.
2190 1275 2311 1326 Sunt
2335 1278 2460 1326 enim
2484 1279 2531 1326 in

593 1358 765 1406 talibus
798 1357 888 1405 alie
927 1356 1277 1405 contumacium
1308 1370 1431 1421 pene
1467 1355 1679 1405 civilibus
1706 1356 1894 1422 legibus
1924 1356 1999 1405 vel
2023 1357 2263 1406 canonicis
2295 1357 2530 1406 introduc-

594 1446 656 1485 te.
735 1435 959 1501 Denique
994 1435 1142 1500 pofito
1178 1434 1307 1500 quod
1339 1435 1499 1483 omnia
1528 1435 1758 1500 praedicta
1789 1436 1907 1500 juris
1944 1435 2155 1500 praefidia
2190 1436 2532 1501 irrefragabilia

593 1517 731 1564 cause
763 1515 916 1563 nostre
948 1515 1186 1569 deficiant,
1222 1513 1363 1579 ipfius
1386 1521 1571 1562 tantum
1595 1514 1996 1578 pronunciationis
2019 1521 2155 1562 tenor
2178 1514 2326 1579 ipsam
2349 1516 2531 1563 senten-

593 1598 706 1643 tiam
738 1595 915 1642 nullam
943 1594 1160 1648 ostendit,
1193 1610 1277 1657 per
1308 1606 1453 1657 quam
1483 1608 1579 1655 non
1611 1601 1885 1657 procurator
1912 1593 2067 1641 noster
2098 1594 2300 1657 praesens
2334 1593 2416 1641 sed
2445 1610 2533 1642 nos

593 1674 808 1722 absentes
840 1673 1078 1721 extitimus
1110 1672 1435 1728 condemnati;
1468 1688 1613 1737 quam
1637 1672 1736 1737 ipso
1761 1672 1868 1738 jure
1902 1671 2082 1721 nullam
2115 1671 2207 1721 effe
2238 1674 2533 1730 sententiam,

590 1755 723 1819 leges
756 1762 803 1801 et
821 1753 930 1817 jura
963 1751 1187 1817 quaelibet
1210 1751 1458 1800 manifeste
1483 1751 1744 1800 declarant.
1816 1751 2103 1800 Evidentem
2135 1768 2328 1817 quoque
2351 1754 2534 1818 proces-

592 1835 665 1881 sus
701 1841 748 1880 et
784 1832 1083 1897 procedentis
1118 1832 1416 1896 iniquitatem
1456 1832 1595 1880 cause
1635 1831 1864 1879 denotant
1903 1848 2024 1896 quas
2055 1832 2102 1879 in
2143 1833 2374 1880 sententia
2409 1846 2534 1880 com-

591 1912 853 1976 prehendit,
893 1929 921 1959 a
960 1911 1133 1976 quibus
1174 1928 1260 1959 nos
1298 1910 1662 1975 incorruptibilis
1703 1911 1875 1959 veritas
1915 1918 1963 1959 et
2004 1911 2195 1976 publica
2239 1911 2532 1959 munimenta

591 1991 867 2047 defendunt,
899 1998 1038 2055 prout
1062 1991 1267 2039 seriatim
1291 1990 1394 2038 haec
1424 1990 1519 2038 fida
1542 1989 1708 2038 relatio
1731 1991 1892 2038 latoris
1923 1991 2220 2055 praesentium
2244 1998 2292 2038 et
2327 1991 2530 2055 ipsorum

592 2072 991 2119 munimentorum
1022 2077 1157 2118 tenor
1189 2069 1436 2117 manifeste
1478 2070 1778 2134 profitentur3
1817 2083 2092 2135 quanquam
2133 2077 2231 2117 tam
2269 2069 2368 2117 dire
2409 2085 2532 2134 pene

593 2150 888 2204 sententiam,
916 2148 950 2196 fi
973 2156 1133 2196 tamen
1158 2149 1390 2196 sententia
1408 2147 1501 2196 dici
1525 2148 1678 2213 potest
1702 2165 1796 2213 que
1821 2156 1986 2197 contra
2008 2162 2096 2197 nos
2118 2149 2411 2213 praecipitata
2430 2149 2532 2213 dig-

593 2229 810 2283 noscitur,
835 2235 999 2275 contra
1025 2226 1294 2275 Romanum
1325 2223 1586 2292 principem
1616 2228 1777 2275 omnia
1799 2228 2030 2292 praedicta
2061 2227 2316 2295 et‘fin'gula
2339 2228 2531 2276 minime

594 2306 884 2355 suffecissent.
946 2305 1253 2354 Manifestum
1276 2319 1485 2371 namque
1509 2307 1820 2372 praecipitium
1844 2320 1902 2355 ex
1926 2308 2236 2372 praesuscepto
2249 2307 2532 2372 jamdudum

597 2388 738 2434 animi
754 2388 936 2434 fervore
952 2385 1085 2434 fuifl‘e
1101 2385 1354 2433 dinoscitur
1369 2386 1416 2433 in
1434 2385 1687 2450 praedidffis.
1733 2386 1999 2434 Dominum
2023 2387 2149 2434 enim
2161 2385 2533 2451 Frifigonensem

596 2467 881 2530 episcopum,
914 2462 1142 2513 dilectum
1172 2465 1432 2530 principem
1462 2466 1658 2513 fratrem
1689 2463 1754 2513 H.
1779 2465 2055 2530 magistrum
2087 2465 2256 2514 domus
2293 2462 2534 2530 hospitalis

595 2545 754 2593 fauste
781 2543 936 2593 Marie
963 2543 1385 2600 Teuthonicorum,
1418 2551 1467 2592 et
1489 2544 1765 2610 magistrum
1793 2544 1887 2593 ΑΞ
1911 2544 1970 2592 de
1991 2544 2164 2600 Vinea,
2196 2560 2372 2610 magne
2403 2546 2533 2594 curie

595 2624 748 2672 nostra
774 2625 1001 2689 judicem,
1037 2623 1237 2672 dilefitos
1272 2630 1321 2671 et
1350 2623 1514 2673 fideles
1547 2623 1744 2679 nostros,
1776 2640 1898 2689 quos
1929 2624 2094 2672 ultimo
2135 2635 2220 2689 pro
2260 2624 2533 2673 omnimoda

597 2703 997 2752 consummatione
1035 2703 1240 2752 traetate
1280 2703 1412 2768 pacis
1444 2703 1506 2751 ad
1537 2703 1790 2751 concilium
1820 2703 2109 2758 miseramuS,
2143 2696 2306 2752 saltem
2337 2720 2421 2768 per
2454 2703 2533 2752 trl-

598 2784 742 2831 duum
766 2785 972 2831 summus
996 2782 1208 2848 pontifex
1231 2782 1383 2830 noluit
1412 2782 1683 2847 praestolari.
1754 2781 1885 2831 Nam
1908 2782 2164 2847 expetitato
2196 2782 2341 2830 etiam
2363 2777 2532 2848 magis·

599 2872 668 2910 tro
698 2861 912 2911 Waltero
936 2862 997 2910 de
1023 2861 1153 2911 Ocra
1174 2861 1424 2927 capellano
1446 2861 1621 2910 vicario
1644 2861 1817 2917 nostro,
1842 2860 1937 2911 cui¹
1960 2854 2020 2910 de
2045 2861 2344 2910 conniventia
2367 2861 2531 2910 summi

599 2942 830 3005 pontificis
853 2950 901 2990 et
925 2941 1221 3007 quorundam
1243 2941 1304 2990 de
1325 2940 1549 2990 fratribus
1573 2941 1634 2989 ad
1651 2955 1738 2991 nos
1760 2940 1918 2990 miffus
1935 2949 2018 3007 per
2041 2949 2117 2989 xx.
2143 2940 2245 2989 dies
2268 2940 2432 2989 debuit
2453 2947 2532 2988 ἕπε

602 3021 797 3083 pe6'cari,
822 3037 912 3069 nec
934 3021 1023 3068 fuit
1047 3018 1340 3069 solummodo
1374 3031 1459 3086 per
1482 3019 1679 3069 biduum
1703 3032 1800 3086 quo
1823 3027 2036 3086 tempore
2059 3013 2273 3085 praediffl
2296 3008 2531 3083 processus

602 3099 749 3162 iniqui
776 3098 1066 3164 Lugdunum
1090 3098 1295 3148 distabat
1323 3099 1385 3148 ad
1412 3099 1610 3148 ‘multam
1631 3099 1862 3148 nobilium
1885 3107 1934 3148 et
1960 3098 2309 3165 quamplurium
2332 3089 2530 3145 aliorum

597 3176 863 3240 justiciamll
897 3178 1195 3241 praelatorum
1229 3178 1524 3244 expectatus.
1597 3178 1812 3244 Apparet
1834 3178 2136 3227 nihilominus
2159 3175 2367 3224 animosa
2389 3175 2528 3224 nimis

664 3280 679 3295 ⁸
710 3277 806 3316 “A,¹’
823 3277 886 3311 but
901 3278 1100 3322 expuncted
1114 3277 1167 3312 for
1186 3283 1210 3299 “
1223 3277 1279 3314 1²¹³
1295 3279 1343 3326 by
1358 3289 1382 3314 a
1394 3277 1482 3314 later
1498 3277 1606 3314 hand.
1754 3278 1766 3300 ¹
1777 3314 1783 3317 ,
1795 3283 1819 3299 “
1837 3278 1928 3319 our·
1945 3277 2009 3314 has
2025 3275 2291 3322 beencorrectly
2305 3276 2530 3318 substituted,

601 3334 646 3377 by
662 3343 684 3366 a
700 3331 794 3367 hand
809 3330 850 3366 of
860 3331 922 3366 the
943 3331 1025 3367 l5th
1042 3339 1196 3378 century.
1240 3364 1243 3365 γ
1342 3331 1369 3354 ¹¹
1390 3331 1622 3368 Instanciam?
