2852 3874
357 495 490 547 Aut).
532 496 674 543 1180.
820 490 1248 542 CHRONICA
1291 490 1394 542 DE
1439 490 1829 542 MAILROS.
2225 500 2285 550 91

358 635 617 687 Castellum
637 631 908 684 Puellarum
931 634 979 683 in
998 631 1194 683 eeclefia
1210 631 1372 682 sancte
1390 633 1540 682 crucis
1557 633 1739 682 oetavis
1755 632 2075 699 pentecosten,
2093 634 2291 685 scilicetz

355 717 416 782 vj.
436 716 542 766 idus
559 714 589 765 J
591 712 688 763 unii
711 712 762 780 [J
765 729 844 763 un.
864 712 937 780 8],
953 730 982 762 a
1001 710 1202 762 Matheo
1220 713 1439 779 episcopo
1463 712 1524 761 de
1545 712 1771 762 Aberden
1790 728 1847 762 ex
1870 713 2096 762 mandato
2114 713 2291 764 domini

353 809 478 862 pape
518 794 581 843 A.
629 794 691 842 ad
726 793 1117 859 praenominatam
1151 791 1311 841 sedem
1355 793 1403 841 in
1445 792 1697 842 antistitem
1732 792 2000 842 Johannem
2039 793 2291 860 magnifice

355 874 616 924 consecrari
647 874 777 922 fecit.
845 868 876 921 J
878 872 1090 921 ohannes
1121 878 1281 920 autem
1318 873 1616 921 consecratus
1646 877 1694 920 et
1725 872 1902 938 absque
1936 873 2207 939 episcopatu
2243 876 2291 924 se

355 954 639 1020 intelligenS,
658 951 895 1017 extemplo
912 960 996 1016 pre
1013 951 1181 998 timore
1198 951 1324 1015 regis
1341 957 1390 998 et
1413 950 1738 1016 indignatione
1755 952 1986 1017 regalium
2003 954 2292 1017 provinciam

355 1050 540 1083 merens
563 1031 750 1095 reliquit
773 1037 822 1079 et
845 1029 907 1078 ad
930 1029 1105 1077 tutiora
1127 1030 1175 1076 se
1199 1028 1435 1076 contulit.⁸

424 1112 567 1159 Anno
590 1108 837 1172 M.c.lxxxj.
870 1105 986 1156 obiit
1010 1107 1087 1172 pie
1113 1107 1339 1155 memorie
1367 1106 1636 1156 Willelmus
1659 1107 1719 1156 de
1746 1108 1923 1157 Tulosa
1947 1110 2095 1160 abbas
2122 1108 2291 1161 Cister-

355 1189 534 1244 cienfis,
559 1188 635 1236 cui
658 1186 866 1235 succeflit
891 1186 1059 1234 Petrus
1083 1185 1142 1234 de
1169 1186 1463 1234 Pontiniaco.

327 1254 334 1259 “
426 1267 707 1316 Ludowicus
730 1280 812 1314 rex
832 1265 1048 1320 Francie,
1072 1265 1139 1313 vir
1163 1265 1269 1330 pius
1287 1272 1335 1313 et
1358 1264 1601 1330 religiosus
1624 1266 1831 1314 seculum
1854 1279 2061 1331 nequam
2086 1268 2294 1333 despexit

357 1358 650 1413 regnumque
673 1346 806 1393 suum
824 1344 953 1410 quod
976 1345 1073 1409 ipse
1097 1361 1180 1409 per
1204 1344 1373 1408 xliiij.0¹
1397 1359 1546 1393 annos
1567 1344 1752 1393 strenue
1777 1345 2056 1410 gubernavit
2077 1347 2293 1414 Philippo

356 1424 451 1475 filio
475 1427 557 1474 suo
584 1425 840 1474 honorifice
871 1423 1078 1472 tradidit.
1149 1423 1233 1472 Ille
1266 1431 1425 1471 autem
1453 1422 1631 1488 postea,
1658 1424 1767 1472 Deo
1791 1425 2057 1489 inspirante,
2090 1427 2152 1474 ad
2175 1428 2295 1476 ordi-

357 1520 465 1555 nem
494 1505 849 1554 Cisterciensem
881 1503 1008 1568 apud
1039 1502 1289 1551 abbaciam
1322 1519 1415 1567 que
1442 1503 1555 1551 Port
1579 1503 1746 1552 dicitur
1770 1518 1914 1569 quam
1945 1505 2041 1569 ipse
2064 1507 2293 1562 fundavit,

358 1585 594 1634 humiliter
618 1584 882 1632 convolavit
907 1591 954 1631 et
978 1583 1147 1631 eodem
1172 1599 1296 1630 anno
1321 1582 1381 1630 de
1405 1598 1600 1647 corpore
1623 1583 1785 1630 mortis
1809 1583 2007 1632 feliciter
2029 1584 2285 1650 migravit.b

428 1664 695 1712 Willelmus
729 1680 810 1711 rex
847 1663 1118 1710 Scottorum
1153 1669 1201 1709 et
1236 1661 1396 1709 Dauid
1435 1679 1593 1710 comes
1627 1663 1771 1710 frater
1802 1662 1904 1727 ejus
1942 1663 2002 1711 ad
2037 1663 2295 1714 Henricum

360 1752 548 1810 regem⁰
572 1743 800 1791 seniorem
823 1759 908 1806 pro
932 1741 1024 1790 suis
1047 1741 1251 1806 negotiis
1275 1741 1591 1789 transmarinis
1614 1741 1825 1805 partibus
1848 1742 1894 1789 se
1919 1744 2231 1791 contulerunt.

427 1823 637 1887 Fulgura
661 1829 708 1869 et
731 1822 936 1869 tonitrua
966 1837 1143 1886 magna
1167 1827 1214 1868 et
1237 1820 1538 1884 tempestates
1562 1827 1609 1868 et
1640 1820 1970 1869 inundationes
1995 1838 2224 1886 aquarum
2248 1820 2294 1871 in

362 1902 538 1966 Anglia
562 1918 645 1966 per
668 1900 775 1948 loca
798 1900 992 1948 diversa.

428 1980 662 2028 Miracula
700 1980 851 2027 multa
891 1986 939 2027 et
978 1995 1155 2043 magna
1196 1977 1323 2042 apud
1362 1977 1577 2026 sanctum
1616 1977 1944 2027 AEdmundum
1982 1995 2066 2044 per
2103 1980 2296 2029 beatum

360 2076 556 2125 puerum
584 2059 845 2107 Robertum
877 2074 1020 2123 quem
1044 2056 1238 2122 quidam
1262 2057 1291 2105 J
1295 2057 1444 2104 udeus
1469 2057 1654 2105 occulte
1683 2058 1931 2106 crudeliter
1961 2059 2066 2106 neci
2090 2059 2294 2108 tradidit.

366 2139 587 2188 Similiter
620 2138 747 2203 apud
774 2138 1103 2185 Huntodinam
1134 2137 1193 2184 de
1226 2136 1318 2184 alio
1350 2152 1496 2200 puero
1525 2135 1760 2185 Herberto
1784 2137 1974 2185 nomine
2004 2153 2128 2186 nova
2152 2139 2296 2186 conti-

360 2226 547 2284 gerunt,
581 2235 723 2283 quem
755 2218 968 2282 proprius
993 2224 1127 2281 pater
1160 2216 1221 2264 ad
1244 2216 1448 2280 stipitem
1479 2216 1622 2280 impie
1650 2217 1815 2281 ligavit
1839 2224 1887 2264 et
1918 2217 1965 2265 in
1999 2234 2172 2282 aquam
2205 2236 2297 2283 que

354 2299 492 2363 juxta
514 2299 662 2362 ipsam
685 2297 842 2345 villam
866 2296 1069 2344 decurrit
1092 2295 1413 2344 miserabiliter
1438 2295 1650 2343 extinxit.

431 2377 634 2425 Cometa
656 2377 815 2424 mense
840 2375 868 2423 J
872 2376 966 2423 ulio
992 2374 1224 2440 apparuit.

428 2455 668 2504 Jocelinus
693 2455 938 2520 episcopus
967 2455 1126 2503 sedem
1154 2453 1468 2519 episcopalem
1493 2454 1719 2510 dilatavit,
1753 2462 1801 2502 et
1832 2455 1980 2503 sancti
2008 2455 2296 2520 Kentegerni

363 2534 606 2583 ecclefiam
629 2535 828 2599 gloriose
851 2534 1185 2599 magnificavit.

428 2614 494 2679 iij.
526 2613 756 2662 kalendas
786 2613 1076 2678 Septembris
1103 2613 1257 2678 [Aug.
1282 2612 1388 2677 30]‚
1424 2612 1540 2660 obiit
1571 2613 1647 2678 pie
1679 2613 1903 2662 memorie
1938 2612 2209 2661 Alexander
2232 2614 2296 2678 iij.

364 2710 504 2758 papa,
528 2692 829 2757 pontificatus
853 2693 921 2740 sui
946 2709 1070 2740 anno
1089 2692 1238 2757 xxiijo,
1265 2692 1339 2740 cui
1364 2691 1572 2740 succeffit
1593 2691 1770 2740 Lucius
1788 2692 1854 2756 iij.
1879 2692 2027 2756 quiet
2047 2691 2297 2740 Hubaldus

366 2771 623 2821 Hostienfis
648 2772 908 2836 episcopus.

434 2851 566 2900 Obiit
609 2850 825 2915 Rogerus
873 2848 1182 2898 Eboracenfis
1229 2849 1604 2914 archiepiscopus
1649 2867 1695 2897 x.
1743 2849 1971 2898 kalendas
2018 2849 2297 2898 Decembris

369 2930 517 2995 [Nov.
542 2929 627 2994 22]
657 2945 780 2977 anno
805 2929 1101 2994 episcopatus
1125 2928 1192 2975 sui
1215 2927 1376 2992 xxvij.⁰

427 3090 441 3105 ¹
472 3090 591 3125 These
609 3089 706 3124 dates
724 3088 769 3123 do
786 3094 850 3123 not
867 3092 978 3133 agree.
1123 3088 1203 3133 (29)
1229 3086 1245 3101 ⁸
1272 3087 1402 3122 Hoved.
1423 3089 1513 3126 35ος
1542 3087 1646 3122 Ford.
1665 3087 1688 3121 i.
1709 3089 1789 3127 350,
1816 3090 1851 3122 et
1865 3098 1933 3134 seq.
2078 3087 2095 3109 ὓ
2124 3088 2300 3123 Leuis-le-

362 3146 385 3182 J
387 3157 478 3182 eune
491 3145 571 3181 died
582 3151 619 3180 at
634 3145 741 3185 Paris,
757 3155 853 3189 upon
865 3143 927 3178 the
941 3142 1025 3177 leth
1038 3142 1080 3177 of
1093 3143 1307 3188 September,
1326 3145 1427 3183 1180,
1443 3141 1531 3177 aster
1542 3153 1564 3177 a
1579 3142 1673 3187 reign
1685 3142 1728 3177 of
1737 3142 1944 3189 forty-three
1955 3150 2067 3189 years.
2083 3143 2251 3190 Anquetil,
2264 3144 2298 3179 ii.

368 3203 446 3236 108.
590 3200 605 3215 ⁶
624 3200 746 3246 Henry
764 3199 812 3233 11.
832 3199 860 3233 is
878 3199 961 3233 here
979 3197 1092 3244 styled
1111 3203 1134 3217 ‘⁶
1147 3198 1352 3238 seniorem‚'’
1370 3197 1406 3232 in
1422 3197 1623 3232 distinction
1639 3204 1678 3232 to
1694 3197 1748 3232 his
1765 3197 1877 3233 eldest
1893 3209 1959 3233 son
1978 3198 2111 3245 Henry,
2130 3197 2213 3234 who
2229 3207 2301 3234 was

364 3255 529 3292 crowned
541 3267 579 3292 as
588 3255 671 3301 king
687 3254 731 3290 of
743 3253 903 3299 England
919 3254 954 3288 in
968 3254 1058 3291 1170
1071 3253 1143 3298 (his
1159 3252 1273 3288 father
1288 3253 1391 3298 being
1407 3252 1526 3298 alive),
1539 3251 1610 3287 and
1625 3251 1707 3288 died
1721 3253 1758 3287 in
1773 3255 1875 3288 1183.
2031 3253 2047 3274 ‘¹
2068 3253 2136 3290 See
2148 3255 2298 3296 Forum,

365 3311 388 3347 i.
407 3314 491 3347 481.
637 3310 651 3326 ⁶
682 3310 879 3355 According
895 3316 933 3345 to
951 3309 1082 3350 §rubba
1102 3308 1148 3344 he
1165 3308 1246 3344 died
1261 3314 1298 3344 at
1318 3308 1497 3349 Shirburn,
1517 3316 1614 3355 upon
1630 3308 1692 3344 the
1710 3308 1798 3344 26th
1813 3308 1857 3344 of
1869 3309 2081 3352 November,
2100 3310 2167 3346 col.
2189 3311 2290 3349 1728.
