2904 3886
542 495 638 539 228

987 485 1468 566 CHRONICON
1506 483 2034 534 RYTHMICUM.

618 631 761 680 Anno
786 631 924 679 mlvi.

781 790 878 837 Ter
903 788 1022 835 deca
1045 787 1188 852 vjque
1214 786 1376 834 valens
1401 785 1538 833 annis
1562 793 1610 833 et
1633 784 1869 833 menfibus
1893 793 2002 833 octo

846 867 1133 916 Malcolmus
1159 866 1305 914 decus
1328 882 1408 914 rex
1435 873 1536 914 erat
1559 860 1621 913 in¹
1637 865 1815 914 Scotia.

785 947 1050 1013 Anglorum
1075 945 1246 1011 gladiis
1271 947 1317 994 in
1343 946 1468 994 bello
1492 945 1710 994 sternitur
1733 945 1896 993 heros:

850 1027 944 1075 Hic
962 1043 1043 1075 rex
1067 1027 1114 1074 in
1146 1026 1308 1074 Scotia
1326 1026 1504 1090 primus
1526 1025 1750 1074 humatus
1775 1032 1890 1072 erat.

2169 485 2230 533 A.
2254 485 2318 534 D.
2361 485 2501 534 1056.

622 1189 763 1236 Anno
787 1187 971 1250 M.xciij.
1012 1185 1324 1234 Douenaldus
1350 1201 1548 1251 regnum
1579 1185 1739 1233 Scotie
1764 1183 1951 1232 invasit:
1978 1184 2037 1231 de
2063 1201 2157 1248 quo
2184 1183 2368 1236 dicitur,

787 1345 1031 1395 Menfibus
1055 1345 1102 1392 in
1127 1361 1275 1410 regno
1300 1345 1362 1409 vj.
1389 1341 1606 1410 regnavit
1632 1343 1960 1397 Douenaldus‚

855 1425 1124 1473 Malcolmis
1148 1425 1273 1489 regis
1297 1425 1456 1479 frater,
1482 1425 1529 1471 in
1557 1422 1779 1470 Albania.

791 1505 998 1554 Abstulit
1015 1504 1125 1551 huic
1149 1520 1350 1568 regnum
1377 1503 1640 1550 Duncanus
1667 1501 2054 1556 Malcolomides3

856 1583 1099 1632 Menfibus
1123 1591 1171 1631 et
1195 1582 1393 1630 totidem
1418 1599 1499 1630 rex
1523 1589 1624 1629 erat
1647 1582 1694 1628 in
1726 1581 1903 1629 Scotia.

792 1665 886 1713 Hic
909 1665 999 1713 fuit
1023 1664 1204 1712 occisus
1230 1661 1561 1711 Mernenfibus
1584 1662 1632 1710 in
1659 1660 2029 1709 Monodedhno:

859 1745 936 1793 De
960 1744 1084 1792 male
1109 1743 1308 1791 vivendo
1333 1742 1468 1807 plebs
1486 1741 1656 1807 premit
1680 1741 1832 1789 omnis
1856 1741 2002 1788 illum.

798 1905 972 1952 Rursus
999 1903 1286 1958 Dofnaldus‚
1315 1903 1558 1950 Duncano
1583 1918 1697 1966 rege
1721 1908 1967 1966 perempto

865 1983 1035 2032 Ternis
1060 2000 1142 2031 rex
1167 1983 1302 2030 annis
1326 1982 1459 2047 regia
1478 1981 1588 2046 jura
1613 1988 1759 2029 tenet.

802 2064 985 2128 Captus
1011 2062 1070 2111 ab
1097 2061 1294 2128 Edgaro
1319 2062 1416 2109 vita
1441 2061 1650 2126 privatus
1675 2068 1724 2108 at
1748 2060 1826 2108 ille

868 2143 1119 2206 Roscolpin
1144 2142 1282 2196 obiit;
1319 2140 1511 2205 offaque
1539 2139 1657 2188 Iona
1680 2147 1826 2187 tenet.

804 2301 914 2348 Post
931 2301 1057 2348 huno
1078 2299 1299 2364 Edgarus
1324 2299 1540 2364 regnavit
1564 2306 1635 2346 ter
1659 2298 1810 2346 tribus
1829 2298 1988 2345 annis:

872 2380 974 2428 Rex
1002 2373 1295 2443 Edenburgo
1319 2379 1466 2426 fertur
1490 2376 1635 2425 obiffe
1660 2377 1850 2442 probus.

811 2540 958 2605 Regis
986 2538 1245 2587 Alexandri
1265 2554 1466 2603 regnum
1491 2537 1673 2585 duravit
1694 2537 1840 2585 aristis

875 2619 1100 2683 Quinque
1124 2617 1196 2665 bis
1214 2625 1262 2665 et
1285 2618 1480 2682 septem,
1505 2616 1740 2664 mensibus
1765 2624 1909 2681 atque
1934 2617 2059 2664 0610.

814 2699 866 2745 In
897 2698 1059 2747 Scotia
1082 2705 1184 2745 tota
1207 2697 1456 2762 postquam
1480 2713 1574 2762 pax
1597 2697 1731 2744 firma
1755 2696 1964 2762 vigebat,

878 2777 1044 2826 Fertur
1069 2776 1196 2842 apud
1225 2777 1443 2825 Strivelin
1467 2793 1592 2825 mors
1611 2775 1812 2840 rapuiffe
1836 2792 2014 2841 regem.

818 2937 898 2985 Bis
924 2937 1043 2984 deca
1066 2953 1147 2984 rex
1172 2937 1305 2984 annis
1332 2935 1492 2984 David
1514 2936 1604 2984 fuit
1629 2942 1775 3000 atque
1798 2935 1994 2993 novenis

885 3017 939 3063 In
970 3016 1155 3071 Scocia,
1180 3023 1319 3064 caute
1343 3016 1538 3081 provida
1561 3015 1867 3081 prospiciens.

822 3095 1075 3160 Postquam
1100 3095 1300 3144 castellis
1323 3112 1523 3161 regnum
1547 3095 1746 3144 munivit
1770 3102 1818 3143 et
1843 3094 1998 3148 armis,

888 3174 991 3222 Rex
1019 3174 1260 3223 Carduille
1283 3175 1430 3223 fertur
1454 3173 1598 3223 obifi'e
1623 3175 1780 3223 senex.

2554 2075 2613 2110 fol.
2641 2078 2690 2109 15.
2713 2075 2744 2109 b.

2560 2545 2619 2580 sol.
2644 2547 2697 2579 16.

2562 2942 2620 2977 sol.
2646 2945 2698 2976 16.
2720 2943 2753 2976 b.
