2846 3874
591 475 682 520 132
1052 469 1478 520 CHRONICA
1522 469 1624 518 DE
1671 468 2060 521 MAILROS.
2212 473 2346 524 A.D.
2377 479 2519 531 1217.

593 622 641 664 et
664 614 850 670 milites,
875 614 956 679 qui
980 612 1041 661 ab
1065 619 1265 677 utraque
1289 619 1423 677 parte
1448 611 1575 677 capti
1599 612 1704 660 sunt
1735 619 1784 660 et
1807 612 2100 669 incarcerati,
2125 612 2324 664 absoluti
2346 616 2451 665 funt
2480 626 2529 667 et

593 693 793 749 liberati,
818 700 866 741 et
889 708 1053 740 omnes
1077 691 1268 740 omnino
1295 690 1487 756 Anglici
1513 690 1573 739 ab
1597 690 1825 757 humagio
1849 691 1980 756 quod
2013 693 2228 742 fecerant
2251 693 2382 744 dicto
2407 693 2533 745 Lao-

595 773 782 828 douico,
815 771 1014 820 absoluti
1046 771 1165 819 sunt.
1239 770 1344 819 Rex
1374 787 1485 818 vero
1527 770 1687 819 Scotie
1725 778 1772 819 et
1809 787 1974 821 omnes
2009 772 2206 822 comites
2237 781 2286 822 et
2317 773 2534 832 barones,

597 852 767 901 milites
792 858 839 900 et
862 858 1129 917 magnates,
1150 850 1354 916 episcopi
1374 858 1422 898 et
1445 850 1626 916 praelati
1650 850 1794 900 totius
1812 851 1947 918 regni
1971 852 2147 909 Scotie,
2171 852 2409 903 interdicti
2432 855 2538 903 sunt

596 940 642 980 et
666 931 1076 980 excommunicati.

662 1011 804 1059 Anno
843 1010 1014 1059 eodem
1051 1018 1344 1076 congregato
1382 1011 1590 1058 exercitu
1629 1010 1846 1059 dominus
1886 1011 2206 1077 A[lexander]
2250 1029 2331 1061 rex
2376 1013 2535 1063 Scotie

594 1091 836 1155 profthus
855 1090 923 1140 est
945 1091 1102 1139 versus
1123 1089 1366 1156 Angliam,
1392 1098 1439 1138 et
1464 1107 1571 1138 cum
1590 1090 1782 1140 venifi'et
1806 1092 1952 1156 usque
1971 1091 2000 1140 J
2003 1091 2211 1148 edewr’6,
2237 1092 2398 1140 audita
2415 1110 2536 1158 pace

593 1172 712 1219 inter
739 1170 1067 1219 Laodouicum
1092 1177 1139 1219 et
1171 1187 1333 1236 regem
1359 1169 1536 1236 Anglie
1571 1170 1742 1218 remifit
1767 1171 2039 1227 exercitum,
2065 1180 2112 1221 et
2135 1171 2353 1220 remanfit
2376 1174 2533 1221 mense

601 1250 906 1316 Septembris.

663 1330 898 1379 Dominus
925 1329 1242 1395 A[lexander]
1283 1347 1364 1378 rex
1405 1330 1564 1378 Scotie
1590 1330 1829 1378 absolutus
1853 1330 1921 1378 est
1945 1348 1974 1379 a
1997 1331 2183 1380 vinculo
2216 1334 2533 1380 excommuni-

595 1410 793 1458 cationis
818 1418 933 1475 aput
959 1409 1138 1458 Berwic
1166 1409 1213 1456 in
1240 1409 1471 1458 kalendas
1502 1409 1783 1457 Decembris
1811 1409 1961 1474 [Dec.
1992 1409 2059 1475 l],
2090 1427 2118 1458 a
2142 1410 2332 1458 domino
2358 1412 2533 1459 archie-

593 1490 784 1555 piscopo
812 1488 1099 1537 Eboracenfi
1123 1496 1170 1536 et
1199 1505 1228 1535 a
1256 1488 1446 1536 domino
1474 1488 1781 1536 Dunelmenfi
1813 1489 2048 1554 episcopo,
2083 1506 2167 1554 per
2202 1490 2536 1539 auetoritatem

595 1569 771 1617 domini
795 1569 942 1634 legati
967 1568 1014 1615 in
1041 1567 1269 1633 Angliam
1294 1568 1650 1623 commorantis;
1676 1575 1723 1615 et
1747 1568 1886 1615 tertia
1910 1567 1986 1616 die
2011 1568 2224 1632 sequenti
2247 1576 2398 1617 mater
2417 1569 2534 1634 ejus·

594 1648 702 1696 dem
726 1649 851 1714 regis
877 1647 1089 1696 absoluta
1114 1647 1181 1695 est
1206 1664 1234 1695 a
1259 1647 1450 1694 domino
1477 1646 1785 1695 Dunelmenfi
1809 1646 2071 1712 episcop0.¹‘
2140 1647 2534 1714 Archiepiscopus

594 1745 703 1776 vero
735 1728 907 1783 statim,
943 1727 1156 1775 absoluto
1194 1743 1324 1793 rege,
1360 1727 1516 1775 versus
1553 1726 1825 1774 Carleolum
1860 1727 1947 1775 iter
1983 1727 2191 1792 arripuit,
2230 1734 2281 1775 ut
2321 1727 2534 1776 saifinum

594 1808 767 1857 castelli
800 1825 882 1873 per
913 1807 1191 1856 mandatum
1220 1806 1396 1854 domini
1435 1806 1559 1872 regis
1600 1806 1760 1855 Scotie
1799 1806 1860 1854 ad
1895 1823 2013 1871 opus
2048 1806 2173 1872 regis
2199 1806 2375 1872 Anglie
2399 1808 2534 1856 susci-

591 1896 738 1953 peret.

662 1968 850 2016 Eodem
882 1975 1110 2032 tempore,
1140 1966 1461 2031 proficiscente
1487 1966 1678 2014 domino
1703 1983 1816 2031 rege
1848 1967 2003 2014 versus
2021 1966 2265 2031 Angliam,
2285 1968 2436 2015 omnis
2461 1984 2534 2015 ec-

595 2047 731 2096 clefia
761 2047 1014 2095 Scoticana
1038 2046 1120 2094 sub
1146 2045 1397 2094 interdifi'co
1421 2045 1585 2110 ponita
1610 2063 1638 2093 a
1663 2045 1829 2093 divinis
1852 2045 2072 2093 laudibus
2097 2044 2300 2101 cefl'avit,
2326 2046 2534 2111 exceptis

593 2127 837 2175 monachis
862 2126 995 2181 albis,
1021 2126 1102 2190 qui
1126 2125 1383 2173 secundum
1407 2124 1652 2190 privilegia
1671 2141 1700 2172 a
1717 2124 1825 2172 sede
1851 2124 2107 2189 apostolica
2130 2124 2211 2172 fibi
2237 2124 2433 2181 indulta,
2459 2142 2533 2173 ce·

594 2206 905 2254 lebraverunt.
979 2204 1083 2252 Rex
1109 2212 1268 2252 autem
1294 2204 1421 2269 apud
1447 2203 1787 2252 Norhauntun¹
1810 2203 2018 2259 veniens,
2042 2211 2141 2251 tam
2166 2221 2194 2251 a
2219 2204 2348 2252 dicto
2372 2205 2532 2270 legato

595 2302 739 2350 quam
764 2302 792 2333 a
815 2301 937 2332 novo
962 2301 1075 2349 rege
1097 2283 1274 2349 Anglie
1300 2300 1408 2331 cum
1426 2284 1606 2331 summa
1630 2283 1899 2331 reverencia
1923 2283 2161 2348 susceptus
2179 2283 2261 2339 est,
2287 2291 2334 2331 et
2358 2283 2533 2332 ibidem

594 2364 854 2412 hominium
888 2364 1001 2412 fecit
1030 2363 1159 2412 dicto
1188 2364 1289 2428 regi
1325 2362 1500 2428 Anglie
1529 2380 1613 2428 pro
1647 2362 1873 2410 comitatu
1905 2363 1964 2410 de
1991 2361 2254 2410 Huntedun
2287 2370 2334 2410 et
2366 2363 2533 2411 ceteris

594 2445 726 2493 terris
758 2461 876 2509 quas
908 2443 1266 2509 praedecefl'ores
1297 2443 1364 2491 sui
1396 2450 1645 2491 tenuerant
1678 2442 1737 2490 de
1769 2441 1961 2508 regibus
1995 2441 2187 2507 Anglie,
2217 2442 2428 2507 proximo
2457 2442 2533 2490 die

593 2523 774 2572 sabbati
800 2531 909 2572 ante
933 2523 1092 2571 natale
1119 2523 1317 2571 Domini
1347 2522 1491 2587 [Dec.
1513 2522 1617 2588 23].

662 2603 804 2651 Anno
831 2603 1025 2651 Domini
1050 2602 1307 2667 M.cc.xviij.
1347 2602 1394 2650 in
1418 2602 1647 2667 principio
1672 2601 1701 2650 J
1705 2602 1885 2650 anuarii
1910 2601 2047 2650 rediit
2079 2602 2296 2651 dominus
2325 2602 2532 2667 W[illel-

593 2683 717 2748 mus]
740 2683 1073 2738 Maleuicinus,
1094 2683 1340 2747 episcopus
1364 2682 1513 2730 sancti
1536 2681 1746 2738 Andree,
1771 2681 1831 2730 de
1855 2681 2067 2747 generali
2092 2681 2292 2730 concilio
2314 2681 2531 2730 Romano

594 2764 639 2809 in
664 2763 986 2828 episcopatum
1010 2763 1194 2810 suum.¹¹¹

665 2842 805 2890 Circa
823 2842 966 2890 finem
991 2829 1200 2907 ejusdem
1224 2840 1393 2890 menfis
1417 2840 1532 2889 miffi
1557 2842 1661 2889 sunt
1686 2857 1744 2889 ex
1762 2848 1896 2906 parte
1921 2839 2097 2888 domini
2121 2840 2285 2906 legati,
2310 2840 2465 2888 adhuc
2481 2841 2529 2888 in

656 2990 669 3009 ⁸
691 2991 840 3032 Fordun,
859 2991 895 3026 ii.
915 2994 978 3032 39;
1015 2992 1198 3038 Wyntown,
1218 2992 1240 3026 i.
1261 2993 1341 3027 362.
1488 2991 1499 3012 ¹
1522 2991 1554 3026 It
1571 3001 1719 3038 appears
1735 2990 1824 3026 from
1841 2990 1904 3026 the
1922 2991 2048 3026 Patent
2065 2991 2172 3031 Rolls,
2192 2992 2214 3024 2
2234 2989 2327 3025 Hen.
2349 2987 2431 3028 ΙΙΙ.,
2450 2988 2528 3023 that

597 3044 794 3080 Alexander
810 3046 880 3081 had
897 3058 918 3081 a
935 3046 1007 3081 safe
1025 3046 1188 3088 conduct,
1209 3047 1316 3082 dated
1335 3046 1609 3092 Northampton,
1627 3046 1711 3081 12th
1726 3046 1932 3087 December,
1953 3045 2005 3081 for
2021 3045 2075 3080 his
2092 3052 2210 3080 return
2221 3051 2260 3079 to
2271 3043 2325 3078 his
2338 3054 2418 3078 own
2430 3041 2527 3088 king-

593 3099 695 3138 dom;
722 3101 791 3135 and
806 3100 893 3135 from
907 3102 968 3136 the
993 3103 1086 3137 Close
1097 3103 1205 3143 Reus,
1224 3102 1247 3137 i.
1264 3105 1344 3143 348,
1364 3102 1443 3137 that
1463 3102 1664 3137 Alexander
1691 3107 1715 3122 “
1729 3101 1858 3147 having
1874 3101 1967 3136 done
1983 3100 2079 3136 what
2096 3101 2142 3135 he
2152 3099 2261 3145 ought
2276 3105 2315 3133 to
2331 3098 2412 3139 do,”
2428 3109 2526 3133 man-

594 3154 691 3188 dates
705 3166 796 3189 were
818 3156 1004 3191 addressed
1019 3164 1058 3192 to
1075 3157 1137 3192 the
1154 3157 1289 3192 sheriffs
1303 3157 1345 3192 of
1365 3157 1526 3199 Lincoln,
1549 3157 1831 3198 Leicestershire,
1854 3156 2058 3201 Cambridge
2082 3155 2152 3190 and
2170 3153 2411 3198 Huntingdon,
2434 3153 2526 3188 Nor-

591 3208 788 3255 thampton,
810 3210 975 3252 numana,
998 3211 1150 3247 Bedford
1171 3213 1242 3247 and
1259 3212 1510 3258 Buckingham,
1532 3213 1646 3247 Essex
1669 3212 1740 3247 and
1766 3211 1973 3252 Middlesex,
1998 3209 2156 3255 ordering
2178 3208 2275 3244 them
2292 3214 2331 3243 to
2353 3208 2431 3254 give
2454 3208 2525 3243 him

592 3265 695 3299 seisin
713 3264 754 3299 of
764 3264 825 3300 the
841 3265 940 3300 lands
957 3266 1027 3301 and
1043 3273 1241 3302 tenements
1257 3266 1420 3313 formerly
1436 3267 1471 3302 in
1489 3266 1552 3302 the
1568 3267 1768 3312 possession
1785 3265 1828 3301 of
1837 3265 1909 3301 earl
1927 3265 2054 3301 David.
2199 3262 2224 3279 ¹¹¹
2241 3264 2390 3305 For-dun,
2410 3263 2445 3299 ii.
2465 3266 2522 3299 39.

2574 2605 2633 2640 fol.
2654 2608 2710 2640 35.
2731 2607 2765 2640 b.
