2904 3886
618 499 710 550 178
1080 493 1506 543 CHRONICA
1542 487 1651 542 DE
1697 490 2097 544 MAILRO'S.·
2239 497 2372 547 A.D.
2403 502 2545 553 1249.

613 655 671 686 ex
695 639 786 686 hac
809 638 914 686 luce
938 637 1131 702 eripitur
1154 644 1203 684 et
1225 652 1333 684 cum
1353 636 1526 684 sanctis
1550 636 1783 693 omnibus,
1808 644 1861 685 ut
1878 637 2127 694 credimus,
2143 639 2257 687 celis
2274 639 2545 689 collocatur.

617 717 802 783 Corpus
825 733 935 766 vero
960 716 1078 781 ejus,
1098 724 1149 764 ut
1172 716 1269 782 ipse
1294 715 1450 764 adhuc
1464 716 1595 764 vivus
1613 715 1941 781 imperaverat,
1958 716 2020 766 ad
2039 714 2375 767 Melrosensem
2398 719 2548 768 eccle-

611 797 723 845 fiam
747 797 1100 861 transportatur,
1124 803 1173 844 et
1195 795 1243 843 in
1268 812 1327 844 ea
1349 812 1479 844 more
1503 795 1636 862 regio
1660 803 1782 845 terre
1800 796 1982 862 gremio
2006 797 2378 846 commendatur.
2451 798 2549 846 An-

612 893 673 924 no
706 876 847 941 igitur
879 875 1017 924 etatis
1052 876 1133 924 sue
1163 875 1212 941 lj.
1248 883 1296 923 et
1330 875 1463 942 regni
1487 876 1555 924 sui
1587 891 1742 932 xxxv„
1773 876 1866 942 viij.
1903 876 2009 925 idus
2041 876 2155 926 Julii
2194 876 2312 943 [Jul.
2333 877 2407 943 8],
2431 878 2550 926 feria

612 956 792 1020 quinta,
818 973 875 1004 ex
899 955 990 1004 hac
1012 955 1119 1003 luce
1143 955 1384 1022 migravit3
1419 963 1467 1003 et
1490 972 1690 1019 regnum
1714 956 1847 1004 suum
1869 955 2144 1006 Alexandro
2167 957 2263 1005 filio
2286 958 2385 1013 suo,
2404 972 2551 1023 puero

611 1038 709 1084 fere
734 1036 846 1084 ofito
882 1052 1126 1091 annorum,
1163 1035 1435 1100 dereliquit3
1471 1035 1552 1100 qui
1586 1035 1739 1101 patrio
1768 1052 1898 1084 more
1929 1036 1994 1101 iij.
2031 1036 2137 1085 idus
2165 1036 2279 1086 Julii
2318 1035 2435 1102 [Jul.
2467 1036 2548 1102 13]

613 1134 640 1162 a
664 1116 969 1182 magnatibus
992 1132 1073 1164 rex
1103 1115 1396 1171 constitutus,
1420 1115 1468 1163 in
1493 1123 1690 1180 paterno
1722 1115 1836 1164 solio
1861 1116 2134 1172 collocatur,
2159 1124 2207 1165 et
2236 1125 2288 1165 ut
2311 1117 2553 1183 legitimus

611 1195 747 1244 heres
772 1195 832 1243 ab
857 1195 1074 1244 omnibus
1098 1195 1367 1243 honoratur.

682 1275 814 1323 Obiit
849 1275 1085 1323 Robertus
1118 1274 1266 1323 abbas
1301 1275 1361 1322 de
1401 1274 1652 1330 Gedewrd,
1693 1275 1767 1323 cui
1801 1274 2009 1323 successit
2042 1274 2307 1324 Nicholaus
2339 1275 2549 1340 ejusdem

614 1355 780 1403 domus
805 1354 1074 1403 canonicus.

682 1420 824 1469 Anno
851 1420 1045 1468 Domini
1064 1420 1227 1468 M.cc.l.
1246 1437 1354 1467 cum
1372 1420 1548 1467 cuncta
1566 1421 1786 1484 prospera
1801 1419 2056 1468 evenissent
2074 1420 2299 1468 exercitui
2328 1420 2550 1468 Christia-

613 1517 778 1547 norum
797 1499 858 1548 ob
874 1499 1139 1565 superbiam
1157 1499 1410 1564 praecipue,
1430 1506 1481 1546 ut
1499 1499 1661 1554 fertur,
1673 1498 1981 1554 Francorum,
1995 1498 2194 1546 traditur
2209 1499 2377 1546 militia
2391 1499 2550 1548 Chris-

613 1581 847 1627 tianorum
871 1579 1086 1644 paganis,
1107 1580 1187 1643 qui
1206 1578 1404 1626 victoria
1428 1578 1566 1643 potiti
1584 1578 1704 1626 feria
1728 1579 1859 1626 sexta
1882 1579 1930 1626 in
1953 1579 2105 1644 prima
2119 1578 2422 1627 hebdomada
2437 1595 2552 1643 qua-

613 1658 872 1724 dragefime
902 1658 1043 1724 [Feb.
1075 1659 1177 1724 11]‚
1202 1675 1296 1706 non
1328 1657 1423 1706 fine
1455 1658 1663 1706 maxima
1693 1658 1886 1723 jactura
1918 1659 2124 1714 suorum,
2153 1658 2403 1706 miserabili
2436 1658 2553 1707 cede

617 1738 905 1786 Christianos
930 1738 1202 1786 affecerunt.
1277 1738 1433 1803 Ipsum
1458 1738 1601 1786 etiam
1633 1754 1797 1803 regem
1824 1737 2024 1786 Francie
2049 1737 2459 1803 apprehendentes
2491 1739 2553 1786 vi-

612 1835 720 1865 vum
750 1818 1062 1873 adduxerunt,
1097 1825 1145 1866 et
1176 1818 1420 1883 aliquanto
1443 1825 1656 1883 tempore
1682 1817 1809 1882 apud
1841 1818 1889 1865 se
1912 1816 2222 1866 honestiffime
2246 1818 2552 1872 retinuerunt,

613 1915 669 1946 ac
693 1898 855 1963 postea
879 1898 1171 1946 redemtione
1191 1897 1319 1953 data,
1346 1905 1393 1945 et
1417 1896 1561 1946 trebis
1579 1898 1700 1945 inter
1723 1898 1770 1945 se
1795 1896 2075 1963 compofitis,
2099 1896 2335 1946 liberrime
2360 1898 2552 1962 repatri-

614 1996 693 2026 are
718 1978 1054 2043 permiserunt.l
1103 1977 1213 2026 Post
1244 1985 1405 2026 autem
1429 1976 1674 2025 discessum
1706 1977 1847 2042 regis,
1873 1977 2050 2043 pagani
2078 1977 2352 2026 Damietam
2377 1977 2551 2024 intran-

612 2067 683 2106 tes
709 2066 757 2105 et
780 2057 957 2122 templa
981 2074 1089 2105 cum
1112 2057 1399 2106 simulachris
1423 2057 1515 2105 suis
1539 2056 1754 2105 subversa
1779 2065 2041 2112 cernentes,
2067 2057 2188 2104 ultra
2211 2056 2403 2104 modum
2428 2056 2550 2110 irati,

613 2138 777 2185 fractis
808 2136 967 2191 trebis‚
993 2153 1157 2185 omnes
1186 2136 1475 2184 Christianos
1509 2153 1628 2201 quos
1663 2137 1870 2185 invenire
1894 2144 2147 2201 potuerunt
2179 2136 2358 2184 diverso
2389 2137 2550 2183 mortis

614 2233 789 2281 genere
813 2224 1128 2280 peremerunt.
1201 2215 1292 2264 His
1316 2216 1487 2264 auditis
1510 2232 1591 2263 rex
1619 2215 1756 2264 Acon
1780 2215 1933 2270 rediit,
1958 2215 2119 2280 ibique
2144 2233 2172 2263 a
2197 2232 2335 2263 cruce
2358 2215 2550 2280 fignatis

616 2296 839 2343 auxilium
864 2295 1147 2360 expectavit.

683 2375 917 2423 Dominus
945 2374 1181 2423 Robertus
1205 2374 1265 2423 de
1294 2374 1480 2439 Campo
1504 2375 1808 2422 muscarumm
1835 2373 1963 2438 apud
1989 2373 2168 2422 Melros
2191 2373 2425 2438 sepelitur.

684 2455 763 2502 Ad
786 2455 999 2520 regimen
1024 2455 1320 2520 episcopatus
1344 2454 1404 2502 de
1425 2453 1731 2509 Dunkelden,
1755 2453 1858 2518 post
1882 2452 2062 2501 obitum
2087 2452 2292 2517 episcopi
2316 2451 2550 2506 Gaufridi,

618 2535 804 2599 eligitur
826 2533 1047 2599 magister
1074 2532 1305 2584 Ricardus
1329 2533 1389 2581 de
1417 2533 1703 2597 Inherketyn
1728 2539 1776 2581 et
1800 2532 2112 2581 consecratur.

685 2612 817 2661 Obiit
843 2612 1136 2670 Fredericus,
1160 2613 1241 2678 qui
1264 2613 1354 2661 fuit
1378 2603 1671 2677 imperator.¹¹

687 2693 819 2741 Obiit
840 2692 998 2743 Adam
1018 2692 1167 2741 abbas
1191 2692 1251 2740 de
1273 2692 1622 2756 Dundraynam
1641 2699 1690 2740 et
1711 2691 1946 2740 Briannus
1964 2690 2173 2756 ejusdem
2192 2690 2361 2739 domus
2385 2706 2552 2738 mona·

619 2772 732 2820 chus
756 2773 798 2820 ei
824 2771 1046 2820 succeffit.

688 2851 830 2900 Anno
857 2851 1056 2900 Domini
1080 2851 1262 2916 M.cc.lj.
1298 2850 1414 2899 obiit
1449 2850 1683 2899 Radulfus
1715 2849 1865 2899 abbas
1896 2850 1956 2898 de
1988 2850 2148 2899 sancto
2181 2847 2455 2903 Edwardo,⁰
2478 2847 2553 2896 cui

667 2981 674 3001 ¹
700 2980 815 3016 Lewis
832 2992 904 3016 was
919 2981 1026 3016 taken
1042 2982 1200 3027 prisoner
1216 2990 1312 3027 upon
1329 2980 1391 3015 the
1407 2980 1472 3015 52h
1489 2979 1532 3015 of
1545 2979 1656 3026 April,
1671 2979 1743 3015 and
1757 2979 1944 3015 ransomed
1960 2990 2058 3025 upon
2073 2978 2135 3014 the
2146 2979 2213 3014 δώ
2229 2978 2271 3013 of
2284 2977 2380 3024 May.
2431 2975 2552 3016 L'Art,

620 3037 664 3070 vi.
679 3039 713 3076 5,
733 3038 814 3071 svo.
860 3037 928 3072 See
943 3036 1018 3071 also
1034 3034 1094 3072 M.
1111 3037 1222 3077 Paris,
1242 3046 1278 3082 p.
1297 3038 1380 3071 530.
1502 3033 1528 3050 ”¹¹
1548 3035 1682 3071 Robert
1694 3035 1739 3070 de
1755 3034 1966 3081 Musehamp
1977 3045 2066 3080 gave
2076 3040 2116 3069 to
2127 3033 2190 3069 the
2202 3032 2327 3068 monh
2339 3031 2381 3067 of
2390 3030 2553 3070 Meli-ose,

620 3090 672 3125 for
688 3091 750 3125 the
766 3092 861 3126 souls
878 3091 920 3127 os
933 3091 1086 3128 Richard
1101 3092 1171 3128 and
1187 3091 1295 3133 John,
1314 3091 1384 3127 late
1400 3090 1498 3137 kings
1516 3090 1558 3126 of
1571 3089 1742 3137 Enghud,
1761 3090 1833 3126 and
1846 3089 1902 3126 for
1916 3090 1980 3126 the
1995 3089 2075 3125 soul
2086 3088 2129 3124 of
2141 3089 2264 3134 Hem-y
2278 3087 2362 3127 111„
2380 3097 2403 3122 ⁸
2417 3085 2557 3131 portion

623 3144 664 3179 os
671 3145 725 3180 his
737 3153 902 3193 property
913 3147 949 3182 in
962 3147 1295 3183 Northumberlaud.
1307 3146 1639 3182 Mortou’sMonast.
1652 3146 1742 3181 Anu.
1753 3156 1790 3192 p.
1802 3146 1883 3187 267,
1897 3145 2002 3191 citing
2013 3145 2108 3181 Cart.
2126 3143 2227 3179 Melr,
2238 3141 2298 3177 fol.
2314 3144 2345 3176 l.
2363 3174 2366 3176 .
2443 3139 2460 3155 ¹¹
2475 3140 2557 3175 Fre-

623 3200 716 3235 deric
734 3200 782 3235 11.
802 3201 882 3236 died
901 3202 986 3238 15th
1002 3201 1198 3239 December
1217 3205 1320 3238 1250.
1372 3202 1493 3244 L'Art,
1513 3202 1571 3238 vii.
1591 3205 1672 3244 345,
1691 3205 1795 3250 Svo.;
1820 3201 1881 3236 M.
1896 3202 2009 3242 Paris,
2027 3211 2064 3246 p.
2080 3201 2164 3234 638.
2312 3196 2328 3212 ⁰
2350 3195 2430 3231 The
2445 3197 2558 3243 abbey

624 3255 666 3290 os
678 3255 929 3298 Balmerinach‚
949 3257 1066 3293 which
1078 3267 1150 3293 was
1166 3257 1349 3294 dedicated
1364 3263 1404 3293 to
1423 3258 1464 3293 St
1483 3256 1648 3293 Edward.
1695 3255 1868 3303 Opposita
1883 3262 1924 3292 to
1938 3254 2010 3291 thia
2025 3260 2136 3301 entry,
2155 3263 2202 3288 on
2218 3252 2281 3288 the
2297 3252 2427 3298 margin
2443 3250 2485 3287 of
2494 3251 2558 3287 the

626 3311 848 3357 manuscript,
867 3321 926 3346 are
945 3317 968 3333 ‘⁴
985 3311 1288 3358 iij.”--indicating
1309 3311 1478 3358 probably
1492 3311 1790 3347 thenumeration
1807 3310 1850 3346 of
1866 3309 1931 3346 the
1945 3319 2026 3345 new
2048 3309 2164 3350 abbat,
2183 3307 2227 3344 cf.
2247 3307 2357 3343 under
2379 3307 2442 3343 the
2457 3318 2558 3354 years

631 3367 731 3406 1220,
755 3368 855 3406 1236,
875 3365 928 3401 for
944 3365 1185 3402 confirmation
1201 3366 1244 3402 of
1253 3367 1323 3402 this
1340 3367 1551 3412 conjecture.

2633 1672 2692 1708 sol.
2713 1675 2770 1707 55.
