2904 3886
164 2164 224 2199 sol.
244 2164 301 2204 70,
320 2164 354 2198 b.

405 503 547 555 ΑΒ..
569 503 710 554 1268.
882 500 1307 554 CHRONICA
1351 499 1452 550 DE
1499 497 1886 549 MAILROS.
2242 502 2332 545 211

401 646 629 695 circuibat
647 647 849 696 diversas
872 646 1115 695 hominum
1132 646 1366 703 nationes,
1385 641 1772 709 ewangelizando
1795 643 1863 691 eis
1881 653 2081 707 regnum
2099 640 2217 695 Dei,
2242 655 2335 687 non

399 725 493 775 fine
518 727 701 776 dierum·
734 726 990 775 multorum
1013 726 1232 774 caumate
1255 724 1576 790 perfervente.
1648 721 1933 771 Habuerunt
1949 721 2103 786 igitur
2135 719 2205 767 isti
2242 719 2337 766 duo

404 805 622 855 Simones
647 806 966 855 austeritatem
1000 805 1048 853 in·
1071 803 1324 869 semetipsis
1349 803 1411 851 ad
1434 801 1774 857 sufficientiam,
1798 808 1987 866 propter
2013 816 2220 848 amorem
2245 799 2338 846 vite

398 890 560 934 marne
591 885 654 934 ad
683 902 828 950 quam
858 884 1142 950 aspirabant.
1215 883 1412 947 Propter
1443 881 1574 947 quod
1602 882 1766 930 Simon
1800 881 1968 929 Petrus
1999 881 2064 928 ait
2096 879 2155 928 de
2190 878 2337 943 seipso

398 963 522 1012 libro
541 965 636 1030 viij.
693 964 923 1013 Itinerarii
946 963 1223 1018 Clementis,
1250 971 1280 992 “
1295 962 1429 1010 inens
1451 975 1559 1009 mea
1582 975 1679 1009 non
1703 960 1765 1009 ad
1787 960 1877 1008 hec
1901 960 2148 1024 presentia,
2173 958 2253 1007 sed
2278 959 2337 1006 ad

399 1043 478 1091 illa
502 1052 598 1108 que*
621 1051 783 1091 eterna
806 1045 926 1099 sunt,
952 1042 1153 1107 affpicit3
1191 1049 1239 1089 et
1262 1041 1371 1089 ideo
1398 1057 1476 1088 me
1500 1040 1644 1088 nichil
1667 1057 1822 1088 rerum
1847 1040 2130 1104 presentium
2155 1038 2338 1086 vifibili-

398 1139 580 1188 umque.
596 1123 858 1171 deleAEtatss’
928 1122 1143 1177 Quarum
1166 1136 1321 1168 rerum
1346 1119 1603 1167 delectatio
1627 1135 1716 1166 nec
1746 1119 1988 1167 Simonem
2013 1118 2233 1166 comitem
2259 1117 2339 1165 de-

357 1239 362 1242 .
397 1201 686 1263 lectabatun
723 1201 849 1249 unde
882 1201 1087 1255 dicebat,
1113 1199 1242 1264 quod
1273 1216 1302 1246 a
1326 1199 1467 1246 causa
1500 1198 1712 1246 tuitionis
1746 1197 1938 1262 Anglie,
1971 1214 2115 1261 quam
2150 1205 2339 1261 propter

400 1280 561 1329 Deum
586 1280 711 1345 juste
735 1281 1000 1344 susceperat
1023 1279 1266 1334 tuendam,
1291 1292 1536 1342 nunquam
1564 1274 1770 1332 refiliret,
1794 1293 1884 1324 nec
1908 1291 1992 1341 pro
2016 1284 2166 1324 morte
2191 1277 2339 1341 quali-

398 1376 589 1425 cunque
609 1376 700 1408 nec
723 1376 808 1425 pro
832 1360 944 1414 vita,
970 1359 1211 1423 quoniam,
1237 1357 1418 1422 inqui-d,
1444 1366 1474 1386 ‘⁶
1490 1357 1741 1404 morituras
1765 1358 1865 1404 sum
1889 1363 2078 1421 propter
2103 1356 2281 1403 illam.’'

466 1439 743 1504 Principalis
775 1439 918 1504 igitur
951 1439 1093 1494 causa
1122 1438 1286 1486 mortis
1313 1437 1454 1501 hujus
1486 1437 1691 1485 Simonis
1715 1437 1805 1484 fuit
1834 1434 2056 1500 prestatio
2080 1436 2335 1501 juramenti

398 1519 549 1568 fidelis
580 1536 666 1584 pro
705 1519 901 1584 Anglia,
940 1536 969 1566 a
1002 1517 1137 1582 cujus
1171 1517 1429 1582 juramenti
1468 1516 1544 1564 die
1583 1523 1631 1564 et
1668 1517 1715 1563 in
1754 1516 1992 1581 posterum
2029 1517 2155 1581 cepit
2188 1524 2339 1564 artare

399 1600 801 1648 conversationem
824 1599 955 1646 suam
979 1599 1126 1662 usque
1151 1597 1212 1645 ad
1237 1597 1361 1645 diem
1386 1596 1707 1645 defunctionis
1731 1598 1827 1651 sue,
1860 1604 1911 1643 ut
1944 1603 2054 1644 ante
2079 1595 2340 1660 expressum

398 1679 488 1734 est3
514 1686 566 1726 ut
583 1680 665 1743 qui
683 1678 969 1743 jampridem
993 1694 1088 1725 non
1109 1677 1398 1725 abstinuerat
1416 1676 1476 1724 ab
1497 1675 1792 1741 amplexibus
1811 1676 1967 1724 uxoris
1992 1676 2193 1740 proprie,
2213 1692 2338 1723 nunc

397 1759 540 1824 longe
575 1759 675 1806 fieri
712 1758 942 1823 inciperet
974 1766 1106 1806 extra
1139 1757 1384 1822 amplexus
1417 1756 1535 1821 ejus,
1568 1771 1698 1803 more
1737 1755 1941 1804 Simonis
1980 1755 2123 1810 Petri,
2160 1755 2241 1820 qui
2278 1755 2338 1802 ab

399 1838 694 1903 amplexibus
718 1839 798 1886 sue
824 1839 982 1886 uxoris
1012 1837 1200 1902 penitus
1234 1836 1515 1884 credebatur
1548 1835 1830 1890 abstinuisse,
1856 1852 1950 1900 que
1979 1843 2092 1882 tunc
2116 1835 2339 1900 temporis

400 1919 459 1967 de
495 1917 833 1966 consuetudine
869 1917 969 1965 ibat
1004 1917 1051 1964 in
1087 1924 1210 1965 retro
1247 1916 1474 1964 comitatu
1510 1915 1842 1980 discipulorum
1880 1914 2006 1963 Petri
2043 1931 2150 1963 cum
2190 1922 2339 1963 matre

400 1998 549 2046 sancti
579 1997 840 2045 Clementis
865 2004 912 2045 et
949 1997 1052 2045 aliis
1076 1996 1251 2045 sanfifis
1278 1995 1568 2050 mulieribus,
1601 2002 1653 2042 ut
1687 1995 1894 2043 innuitur
1928 1994 2047 2042 libro
2071 1994 2167 2059 viij.
2198 1994 2338 2042 Itine-

399 2077 506 2125 rarii
531 2076 756 2142 ejusdem.

466 2156 531 2206 Et
554 2157 738 2205 factum
763 2156 830 2204 est
854 2156 902 2203 in
927 2155 1094 2204 diebus
1118 2155 1207 2203 illis
1232 2162 1283 2202 ut
1313 2155 1476 2203 Simon
1501 2162 1710 2202 uteretur
1735 2154 1904 2209 cilicio,
1924 2154 1983 2202 de
2008 2170 2103 2218 quo
2128 2155 2339 2219 prefatus

400 2239 514 2286 sum.
578 2236 718 2284 Tunc
743 2235 930 2284 audires
955 2235 1078 2283 viros
1102 2251 1271 2300 graves
1295 2241 1343 2282 et
1367 2234 1609 2299 religiosos
1634 2233 1918 2282 diversorum
1939 2234 2154 2282 ordinum
2179 2233 2339 2298 paffim

400 2331 482 2382 per
510 2316 738 2382 Angliam
770 2316 942 2371 dicere,
976 2330 1174 2379 quorum
1210 2314 1422 2362 nonnulli
1458 2314 1701 2362 venientes
1734 2314 1780 2361 in
1812 2314 2022 2362 Scotiam
2057 2313 2183 2361 idem
2215 2313 2339 2361 dice-

400 2396 531 2451 bant,
556 2396 686 2459 quod
709 2412 804 2442 non
827 2395 982 2443 minus
1016 2393 1212 2442 mallent
1236 2394 1412 2459 eligere
1437 2393 1539 2458 post
1562 2401 1764 2441 mortem
1793 2393 1997 2441 Simonis
2029 2393 2210 2440 ratione
2235 2394 2337 2457 sup-

401 2474 607 2540 plicandi
637 2473 865 2528 altiffimo,
890 2481 991 2520 tum
1022 2480 1213 2537 propter
1242 2473 1562 2521 austeritatem
1594 2473 1688 2520 vite
1720 2472 1924 2520 Simonis
1956 2472 2002 2518 in
2036 2472 2204 2526 cilicio,
2235 2472 2337 2536 jam

401 2555 526 2603 enim
558 2554 860 2601 innotuerant
893 2551 1260 2600 concubicularii
1302 2552 1507 2600 Simonis
1540 2551 1776 2615 aliquibus
1808 2567 1866 2598 ex
1898 2551 2061 2599 amicis
2093 2551 2184 2598 suis
2217 2567 2336 2615 quos

400 2633 643 2682 habebant
667 2632 893 2697 speciales
911 2632 1040 2697 quod
1065 2631 1217 2679 cilicio
1238 2638 1447 2679 uteretur
1472 2630 1651 2686 Simon,
1671 2629 1798 2678 und‘e
1823 2630 1986 2678 Simon
2005 2630 2223 2679 detectus
2247 2631 2336 2678 fuit

402 2713 628 2778 quoniam
645 2711 789 2759 nichil
807 2719 906 2759 tam
925 2711 1162 2759 occultum
1187 2710 1254 2758 est
1277 2710 1407 2775 quod
1424 2727 1519 2758 non
1543 2710 1797 2765 reveletur3
1823 2717 1923 2757 tum
1947 2717 2138 2774 propter
2155 2709 2336 2774 justiffi-

402 2807 530 2841 mam
561 2793 750 2840 causam
780 2790 1110 2856 indigenarum
1138 2789 1314 2855 Anglie
1338 2806 1483 2854 quam
1512 2806 1658 2837 manu
1682 2790 1945 2855 susceperat
1970 2789 2335 2845 defendendam,

404 2872 534 2920 adire
557 2871 791 2920 tumulum
823 2870 930 2935 ejus·
957 2869 1060 2935 post
1084 2869 1266 2917 obitum
1300 2870 1450 2924 suum,
1483 2886 1627 2933 quam
1651 2884 1850 2934 peregre
1875 2869 2101 2933 proficisci
2123 2868 2332 2918 Ierosoli-

401 2967 544 3000 mam.
617 2950 713 2998 Alii
738 2956 899 2998 autem
923 2949 1140 2997 dixerunt
1165 2949 1277 3013 quia
1300 2947 1334 2996 fi
1352 2948 1454 3013 jam
1478 2947 1766 2996 occubuiffet
1796 2947 1960 2996 Simon
1992 2955 2182 3013 propter
2203 2949 2335 3014 justi-

400 3031 531 3086 tiam,
566 3029 682 3078 ficut
723 3029 887 3094 postea
921 3028 1049 3084 fecit,
1087 3028 1209 3076 adeo
1243 3027 1445 3075 libenter
1487 3027 1768 3075 accederent
1801 3027 1862 3075 ad
1896 3027 2159 3093 sepulcrum
2196 3028 2335 3093 ipfius

402 3117 592 3176 propter
616 3109 847 3158 orandum
872 3108 1049 3163 Deum,
1073 3106 1190 3155 ficut
1221 3107 1282 3155 ad
1314 3107 1502 3171 capsam
1534 3123 1760 3172 magnam
1783 3107 1934 3155 sanfifi
1966 3106 2154 3155 Thome
2178 3109 2335 3157 marti-

401 3190 464 3238 ris
497 3189 545 3237 in
576 3206 673 3254 qua
706 3189 803 3254 ipse
836 3187 1031 3254 quiescit
1065 3186 1303 3252 lapidibus
1337 3185 1547 3252 pretiosis
1578 3186 1756 3251 populi,
1786 3186 1881 3235 imo
1913 3185 2044 3252 quafi
2080 3187 2335 3237 innumeris

406 3266 664 3318 Cantuarie
705 3267 1003 3334 postmodum
1047 3266 1325 3322 adornatus3
1359 3266 1559 3316 feliciter
1595 3265 1887 3315 creberrimis
1923 3283 1951 3314 a
1988 3266 2096 3316 Deo
2133 3267 2335 3316 donatus
