2904 3886
612 495 707 538 204
1049 490 1469 541 CHRONICA
1512 491 1613 540 DE
1658 489 2042 543 MAILROS.
2244 495 2376 546 ΑΔ).
2407 498 2548 549 1268.

614 622 723 679 dem
754 621 960 685 abbatie,
984 647 1078 694 que
1101 637 1294 678 vocatur
1330 629 1522 678 abbatia
1547 629 1607 678 de
1642 630 1900 697 Alnewyke
1935 632 2160 697 quoniam
2176 645 2178 648 ’
2188 624 2327 698 juxta
2356 636 2549 700 opidum

615 710 674 758 de
708 709 965 773 Alnewyke
997 707 1145 772 posita
1173 708 1255 764 est,
1287 715 1479 773 propter
1511 709 1821 757 reverentiam
1851 711 2018 759 summi
2049 704 2303 761 conditoris
2334 713 2549 763 fecerunt

614 789 722 853 pedi
747 789 1014 851 incorrupto
1033 787 1395 835 calciamentum
1414 787 1473 835 de
1493 795 1691 853 argento
1715 788 1966 852 purissimo.
2019 789 2075 837 In
2098 806 2194 855 quo
2212 791 2405 856 quidem
2427 783 2552 857 pede

614 868 707 916 visa
731 867 799 915 est
822 867 966 930 plaga
989 866 1108 913 inter
1130 866 1376 914 minimum
1400 866 1648 915 articulum
1672 866 1882 931 ejusdem
1904 867 2039 933 pedis
2062 876 2111 917 et
2143 869 2264 918 inter
2287 870 2552 918 convicina-

614 955 714 994 tum
731 945 813 993 fibi
838 945 1094 993 inmediate
1120 946 1384 1001 articulum,
1404 945 1478 994 vel
1497 963 1555 994 ex
1574 946 1764 994 cultello
1781 947 1939 995 nescio
1964 964 2024 995 an
2042 948 2117 996 vel
2141 965 2200 996 ex
2223 949 2384 1014 gladio
2402 949 2552 998 facta.

615 1024 729 1073 Non
754 1025 880 1073 enim
905 1024 1164 1073 sufficiebat
1189 1025 1452 1089 amputanti
1484 1025 1656 1090 pedem
1680 1026 1829 1074 san6ti
1853 1026 1937 1074 viri
1962 1027 2090 1091 quod
2121 1027 2441 1092 multipliciter
2472 1027 2553 1076 de-

614 1112 877 1152 trunctatus
901 1111 1002 1152 erat
1026 1104 1071 1151 in
1092 1121 1304 1168 corpore,
1323 1103 1406 1151 nifi
1430 1104 1526 1168 ipse
1550 1121 1633 1169 per
1656 1104 1884 1169 majorem
1908 1106 2146 1154 maliciam
2171 1107 2366 1155 adderet
2390 1106 2433 1155 ei
2457 1107 2555 1155 vul-

613 1200 702 1232 nus
726 1172 772 1231 in
797 1183 934 1248 pede.
1007 1182 1196 1231 Accidit
1221 1190 1380 1230 autem
1405 1183 1451 1230 in
1477 1182 1643 1231 diebus
1667 1183 1756 1231 illis
1780 1191 1832 1231 ut
1855 1184 2050 1248 quidam
2074 1184 2315 1250 burgenfis
2339 1186 2554 1250 predives

616 1262 745 1310 Novi
771 1262 906 1310 castri
931 1263 1068 1326 super
1095 1262 1281 1327 Tynam
1306 1262 1567 1326 graviffime
1592 1262 1916 1318 infirmaretur,
1942 1264 2009 1311 ita
2032 1271 2084 1311 ut
2107 1265 2206 1312 fere
2226 1264 2377 1312 omnis
2399 1272 2555 1312 motus

617 1341 878 1390 auferretur
903 1340 963 1388 ab
989 1358 1062 1388 eo.
1117 1341 1230 1388 Non
1255 1341 1381 1388 enim
1403 1341 1557 1405 potuit
1579 1357 1768 1389 movere
1793 1341 1966 1406 pedem
1989 1342 2049 1390 de
2072 1342 2216 1398 lecto,
2239 1359 2335 1390 non
2358 1359 2552 1391 manum

617 1420 677 1467 ad
702 1437 754 1468 os
778 1419 1029 1474 deducere,
1062 1436 1157 1467 non
1194 1419 1387 1483 aliquod
1418 1419 1624 1467 officium
1656 1419 1723 1467 sui
1755 1420 1964 1483 corporis
1995 1437 2231 1476 exercere,
2263 1421 2343 1468 sed
2373 1438 2463 1469 nec
2487 1429 2555 1469 at-

617 1499 807 1547 trectari
834 1498 894 1546 ab
919 1498 1078 1562 aliquo
1103 1498 1275 1552 voluit3
1308 1505 1442 1545 tanta
1467 1498 1591 1545 enim
1616 1498 1887 1545 calamitate
1911 1498 2220 1563 ingentiffime
2238 1499 2555 1548 invalitudinis

617 1594 700 1641 per
723 1585 875 1625 totum
900 1594 1067 1641 corpus
1092 1584 1193 1624 erat
1217 1576 1435 1631 obsess'uS,
1455 1584 1507 1624 ut
1530 1576 1692 1624 mallet
1710 1575 1840 1641 quafi
1857 1577 1974 1624 mori
1994 1593 2139 1642 quam
2157 1577 2217 1625 de
2231 1577 2360 1625 lecto
2379 1594 2555 1625 ammo-

617 1657 728 1711 veri,
763 1664 952 1720 propter
977 1655 1248 1703 incredibile
1272 1654 1457 1719 pondus
1481 1656 1562 1703 sue
1586 1655 1883 1703 infirmitatis.
1916 1650 1917 1653 ¹
1957 1655 2049 1703 Cui
2074 1655 2283 1720 quadam
2306 1656 2452 1704 nocte
2477 1672 2557 1720 ap-

619 1736 773 1799 paruit
797 1752 888 1783 vox
906 1736 952 1783 in
977 1735 1181 1799 sompnis
1206 1734 1250 1782 ei
1275 1734 1451 1789 dicens,
1477 1742 1508 1763 ‘⁶
1529 1734 1682 1799 Surge
1701 1751 1803 1782 cras
1826 1751 1982 1789 mane,
2007 1742 2055 1782 et
2080 1734 2423 1799 aliquantulum
2448 1735 2558 1783 alle-

572 1823 580 1831 ·
618 1814 819 1862 viaberis
843 1831 901 1862 ex
925 1814 1015 1861 hac
1040 1814 1330 1868 infirmitate3
1366 1814 1661 1878 pergensque
1694 1813 1821 1878 apud
1848 1812 2156 1877 Alnewycum
2190 1814 2398 1862 invenies
2422 1813 2486 1861 ibi
2511 1814 2557 1861 in

620 1893 816 1941 abbatia
841 1894 1176 1941 canonicorum
1194 1892 1702 1940 Praemonstratenfium
1725 1892 1897 1957 pedem
1922 1893 2125 1941 Simonis
2149 1893 2210 1940 de
2231 1893 2401 1941 Monte
2425 1893 2557 1948 forti;

621 1972 747 2037 apud
772 1973 950 2028 illum,”
978 1973 1131 2037 inquit
1155 1989 1260 2027 vox,
1287 1981 1316 2001 “
1336 1972 1508 2036 pedem
1531 1972 1729 2036 recipies
1753 1972 2001 2020 sanitatem
2025 1972 2267 2036 optimam.
2341 1972 2435 2028 Qui
2460 1988 2558 2019 cra-

621 2052 740 2099 stina
760 2052 836 2100 die
862 2053 1041 2099 summo
1066 2069 1206 2099 mane
1226 2052 1528 2116 consurgens,
1548 2051 1908 2115 aliquantulum,
1932 2058 2072 2115 prout
2094 2068 2184 2098 vox
2209 2051 2366 2098 divina
2389 2051 2432 2098 ei
2456 2066 2558 2114 pre-

623 2131 821 2185 dixerat,
848 2131 1109 2185 alleviatus‚
1138 2147 1233 2177 non
1264 2137 1423 2177 tamen
1457 2129 1633 2193 absque
1669 2129 1927 2194 penalitate
1960 2130 2091 2194 gravi
2125 2129 2332 2176 ascendit
2364 2144 2556 2193 equum,

623 2209 794 2257 deinde
819 2225 963 2272 quam
987 2209 1124 2256 citius
1147 2208 1300 2272 potuit
1323 2208 1450 2255 venit
1477 2207 1799 2272 Alnewycum.
1873 2207 2093 2272 Cumque
2117 2207 2341 2255 introifl'et
2366 2206 2558 2255 domum

623 2288 944 2352 religiosorum
968 2287 1272 2351 prefatorum,
1298 2293 1436 2350 prout
1459 2286 1612 2350 potuit
1636 2285 1924 2334 descendens
1947 2286 2007 2334 de
2023 2302 2181 2350 equo,
2205 2302 2315 2333 mox
2339 2302 2559 2350 propera-

625 2367 691 2414 vit
716 2366 776 2413 ad
801 2366 972 2430 pedem
996 2366 1146 2413 sancti
1178 2366 1261 2413 viri
1289 2365 1547 2413 visendum.
1621 2365 1763 2420 Quod
1787 2381 1895 2412 cum
1919 2372 2213 2429 compertum
2236 2357 2391 2412 fuiffet
2416 2381 2557 2412 cano-

624 2446 740 2493 nicis
758 2445 866 2493 Deo
885 2445 1084 2500 devotis,
1108 2444 1202 2492 duo
1228 2461 1286 2491 ex
1310 2444 1414 2499 illis,
1434 2451 1486 2491 ut
1508 2460 1591 2508 per
1615 2437 1738 2491 viam
1757 2443 2023 2507 compendii
2049 2442 2296 2490 accederet
2320 2442 2560 2508 burgensis

627 2525 781 2572 adhuc
805 2526 942 2588 supra
959 2524 1153 2571 modum
1172 2531 1394 2588 egrotans
1413 2523 1473 2570 ad
1497 2522 1684 2587 pedem,
1703 2539 1764 2570 ne
1782 2523 1904 2570 forte
1923 2522 2060 2570 nimis
2078 2521 2314 2569 laboraret
2338 2522 2386 2569 in
2404 2522 2560 2570 eundo

626 2605 781 2651 versus
805 2603 992 2668 pedem,
1017 2603 1224 2650 tulerunt
1258 2602 1430 2667 pedem
1455 2609 1618 2649 contra
1641 2601 1772 2649 illum
1797 2601 1856 2648 de
1880 2601 1985 2649 loco
2010 2600 2316 2666 requietionis
2339 2601 2420 2648 sue
2452 2617 2560 2649 cum

629 2683 891 2730 reverentia
922 2682 970 2729 in
1002 2682 1312 2730 calciamento
1344 2697 1439 2745 quo
1472 2687 1573 2729 erat
1604 2680 1817 2736 indutus3
1850 2679 1912 2727 ad
1947 2680 2081 2744 cujus
2110 2679 2406 2727 calciamenti
2431 2679 2561 2728 deos-

628 2756 813 2809 culandi
839 2761 1038 2816 tactum,
1064 2769 1320 2825 antequam
1345 2777 1459 2824 eger
1482 2759 1701 2824 potuisset
1725 2759 2120 2824 appropinquare,
2145 2755 2203 2806 ex
2227 2759 2323 2806 solo
2347 2759 2446 2807 visu
2469 2758 2561 2806 cal-

630 2841 848 2888 ciamenti
882 2841 1115 2905 integram
1149 2839 1319 2888 meruit
1344 2856 1373 2886 a
1399 2839 1511 2887 Deo
1536 2839 1744 2903 recipere
1776 2846 1966 2903 propter
1996 2838 2164 2886 merita
2193 2838 2398 2886 Simonis
2422 2837 2559 2902 sospi-

630 2928 791 2966 tatem.
865 2919 1164 2967 Pensandum
1187 2917 1384 2983 proinde
1409 2918 1476 2966 est
1499 2925 1680 2982 quanta
1713 2917 1866 2982 gloria
1890 2917 1978 2965 erit
2001 2917 2049 2965 in
2072 2917 2164 2965 hoc
2186 2916 2310 2981 pede
2340 2915 2560 2970 Simonis,

632 2998 677 3044 in
701 2998 1087 3062 reconjunc'cione
1106 2998 1251 3046 totius
1269 2997 1336 3045 sui
1356 2997 1562 3062 corporis
1580 2996 1642 3045 ad
1665 2996 1853 3061 pedem,
1871 2995 1974 3061 post
1996 2991 2219 3061 generale
2237 2994 2486 3060 judicium,
2501 3008 2560 3040 ex

632 3077 980 3140 comparatione
1011 3077 1146 3141 pedis
1181 3084 1292 3125 ante
1320 3076 1571 3141 judicium,
1606 3076 1687 3141 qui
1722 3082 1872 3124 tanta·
1890 3075 2045 3139 gratia
2078 3074 2289 3122 sanitatis
2315 3071 2481 3121 enituit
2511 3070 2559 3118 in

633 3154 866 3202 elemento
900 3164 1084 3203 mortuo
1119 3157 1166 3204 se
1209 3163 1511 3221 contegente,
1546 3155 1722 3203 scilicet
1755 3154 1803 3202 in
1821 3154 2022 3219 *argenti
2053 3153 2382 3213 calciamentO,
2418 3156 2471 3196 ut
2501 3164 2560 3196 ex

634 3232 755 3297 pede
792 3249 874 3296 per
906 3234 1266 3282 calciamentum
1298 3234 1445 3282 exiret
1485 3234 1629 3282 virtus
1663 3232 1821 3281 divina
1854 3231 2138 3280 invisibiliter
2169 3228 2230 3277 ad
2264 3233 2559 3293 egrotantem

635 3311 906 3361 sanandum.
2557 3317 2559 3320 ·
