2904 3886
602 508 694 558 166
1062 506 1484 555 CHRONICA
1529 505 1630 555 DE
1675 505 2062 557 MAILROS.
2216 510 2348 560 A.D.
2390 514 2531 560 1245.

601 656 738 703 terat,
763 649 969 712 recipere
989 648 1048 696 de
1072 649 1250 712 injuriis
1274 655 1322 696 et
1340 645 1523 694 offenfis
1546 645 1643 710 ipse
1661 645 2063 711 ecclefiesuisque
2086 662 2170 711 per
2187 663 2297 697 eum
2319 649 2536 715 irrogatis

602 727 966 775 satisfactionem
991 726 1051 774 ab
1077 727 1197 791 ipso;
1232 725 1423 774 volebat
1447 725 1591 773 etiam
1614 724 1809 773 ecclefie
1833 741 1998 774 omnes
2028 726 2206 775 amicos
2229 727 2336 776 suos
2357 726 2536 793 fibique

604 805 883 853 adherentes
906 806 953 852 in
977 822 1096 870 pace
1120 822 1295 870 ponere
1318 804 1555 870 plenaque
1579 804 1827 852 securitate
1851 804 2078 870 gaudere,
2102 813 2154 852 ut
2181 821 2426 870 nunquam
2448 805 2538 857 hac

603 884 846 933 occafione
878 883 1025 949 poffet
1061 884 1253 950 aliquod
1285 884 1436 933 subire
1465 883 1726 932 discrimen.
1801 883 1899 932 Sed
1929 883 2040 932 licet
2069 883 2132 932 fic
2163 885 2288 949 apud
2315 902 2424 935 eum
2454 903 2539 951 pro

602 980 720 1027 pace
739 964 946 1027 paternis
963 965 1152 1013 monitis
1170 972 1218 1012 et
1236 980 1429 1029 precum
1453 962 1654 1011 insistere
1671 963 1866 1011 lenitate
1885 963 2217 1019 curaverimus,
2237 963 2363 1012 idem
2381 973 2540 1014 tamen

605 1043 814 1091 imitatus
841 1043 1102 1092 Pharaonis
1125 1042 1369 1098 duriciam,
1402 1051 1450 1090 et
1481 1042 1706 1090 obturans
1739 1059 1871 1091 more
1900 1042 2114 1108 aspidum
2145 1060 2282 1092 aures
2310 1044 2430 1100 suas,
2458 1044 2542 1093 hu-

599 1122 803 1185 jusmodi
827 1139 992 1187 preces
1010 1131 1058 1171 et
1082 1123 1262 1170 monita
1286 1123 1412 1171 elata
1431 1121 1751 1170 obstinacione
1769 1129 1817 1170 et
1841 1121 2075 1170 obstinata
2093 1123 2298 1171 elatione
2317 1123 2541 1188 despexit.

609 1200 674 1249 Et
687 1201 798 1248 licet
813 1201 1023 1266 proceffu
1042 1202 1266 1266 temporis
1285 1202 1331 1249 in
1349 1201 1426 1249 die
1441 1217 1557 1250 cene
1575 1200 1769 1249 Domini
1788 1201 1998 1265 proximo
2013 1219 2162 1267 nuper
2176 1204 2411 1266 praeterita
2429 1220 2544 1268 prae-

609 1280 825 1335 cedente,
851 1297 1010 1328 coram
1033 1281 1170 1328 nobis
1194 1288 1241 1328 et
1265 1280 1486 1328 fratribus
1508 1280 1689 1335 nostris,
1714 1280 2017 1344 praesentibus
2041 1281 2266 1330 cariffimo
2290 1282 2336 1329 in
2360 1282 2544 1331 Christo

607 1359 702 1407 filio
716 1360 871 1407 nostro
885 1359 1407 1424 Constantinopolitano
1422 1360 1705 1423 imperatore
1722 1359 1880 1407 illustri
1897 1367 2102 1424 cetuque
2116 1377 2210 1408 non
2226 1361 2412 1410 modico
2431 1379 2545 1426 prae-

607 1439 826 1493 latorum,
846 1439 1151 1494 senatoribus,
1171 1439 1442 1503 populoque
1460 1438 1694 1493 Romano,
1713 1446 1761 1486 et
1785 1439 1990 1487 maxima
2013 1440 2312 1488 multitudine
2331 1441 2544 1496 aliorum,

608 1518 689 1582 qui
721 1518 891 1565 eodem
916 1518 992 1565 die
1023 1526 1213 1582 propter
1243 1517 1619 1582 solempnitatem
1651 1516 1805 1581 ipfius,
1838 1517 1898 1564 de
1930 1517 2117 1566 diverfis
2146 1519 2310 1566 mundi
2337 1519 2546 1583 partibus

610 1597 670 1644 ad
703 1596 1008 1661 apostolicam
1041 1597 1199 1644 sedem
1231 1604 1562 1650 convenerant,
1588 1595 1717 1660 quod
1749 1595 1890 1643 staret
1924 1596 2090 1644 nostris
2121 1604 2169 1644 et
2198 1597 2390 1646 ecclefie
2418 1614 2548 1646 man-

610 1676 746 1730 datis,
779 1692 862 1739 per
899 1675 1105 1724 nobilem
1137 1676 1286 1723 virum
1324 1675 1545 1723 comitem
1580 1675 1870 1723 Tolosanum
1899 1692 1955 1723 ac
1985 1676 2232 1741 magistros
2266 1676 2458 1726 Petrum
2489 1677 2548 1725 de

611 1754 766 1802 Vinea
791 1763 838 1802 et
866 1755 1117 1802 Thadeum
1143 1755 1202 1802 de
1232 1754 1412 1809 Suefl'a,
1442 1754 1569 1802 curie
1598 1755 1678 1801 sue
1701 1754 1903 1819 judices,
1928 1755 2124 1803 nuncios
2150 1762 2197 1803 et
2224 1763 2549 1820 procuratores
2590 1770 2726 1805 f01.49.
2746 1771 2780 1805 b.

611 1835 716 1882 suos
740 1834 941 1898 speciale
967 1835 1100 1898 super
1124 1834 1216 1882 hoc
1240 1834 1301 1881 ab
1333 1834 1430 1898 ipso
1455 1833 1732 1881 mandatum
1760 1833 2007 1889 habentes,
2032 1834 2294 1898 praestiterit
2312 1835 2548 1899 juramen-

612 1922 726 1961 tum.
800 1914 1102 1961 Postmodum
1128 1922 1287 1962 tamen
1311 1912 1437 1977 quod
1459 1913 1700 1976 juraverat
1723 1929 1815 1960 non
1845 1912 2080 1978 implebit3
2117 1913 2376 1978 quinimmo
2401 1931 2459 1961 ea
2482 1915 2548 1961 in-

612 1994 822 2040 tentione
847 1994 995 2057 ipsum
1018 1992 1273 2058 praestitifl'e
1298 1992 1600 2056 probabiliter
1625 1991 1843 2047 creditur,
1862 1991 1976 2040 ficut
2001 2009 2059 2040 ex
2083 1993 2224 2041 factis
2247 1993 2549 2057 sequentibus

614 2072 848 2137 colligitur
873 2072 1126 2127 evidenter,
1152 2080 1204 2119 ut
1228 2072 1383 2119 eidem
1407 2071 1600 2119 ecclefie
1632 2078 1680 2118 et
1710 2070 1846 2121 nobis
1870 2071 2084 2119 illuderet
2113 2072 2269 2135 potius
2293 2088 2436 2136 quam
2468 2088 2548 2135 pa-

615 2159 751 2199 reret.
826 2151 949 2198 Cum
975 2168 1097 2198 anno
1123 2159 1169 2198 et
1194 2151 1393 2214 amplius
1411 2150 1513 2214 jam
1538 2150 1711 2214 elapso,
1735 2166 1824 2197 nec
1848 2150 1909 2197 ad
1934 2149 2073 2214 ipfius
2097 2149 2290 2198 ecclefie
2315 2150 2546 2215 gremium

615 2232 822 2279 revocari
855 2232 1073 2295 potuerit,
1105 2248 1193 2279 nec
1217 2231 1298 2279 fibi
1322 2231 1383 2279 ‹le
1414 2231 1554 2279 illatis
1578 2231 1621 2278 ei
1647 2230 1863 2294 dampnis
1887 2238 1935 2278 et
1966 2230 2144 2294 injuriis
2168 2231 2400 2279 curaverit
2425 2231 2548 2279 satis-

617 2312 790 2364 facere,
822 2311 931 2358 licet
963 2311 1098 2374 super
1129 2310 1219 2358 hoc
1251 2310 1454 2358 extiterit
1485 2308 1744 2374 requifitus.
1816 2309 2013 2374 Propter
2044 2309 2173 2374 quod
2203 2326 2298 2358 non
2322 2311 2547 2365 valentes,

619 2389 793 2453 absque
826 2390 955 2454 gravi
985 2389 1155 2437 Christi
1187 2389 1377 2444 offensa,
1410 2389 1512 2454 ejus
1543 2389 1815 2452 iniquitates
1847 2389 2046 2453 amplius
2077 2389 2293 2443 tolerare,
2320 2390 2547 2453 cogimur,

619 2478 816 2533 urgente
841 2486 926 2516 nos
951 2469 1249 2523 conscientia,
1268 2468 1392 2532 juste
1417 2468 1788 2516 animadvertere
1813 2468 1860 2515 in
1885 2467 2103 2515 eundem.

686 2548 750 2596 Et
775 2557 825 2596 ut
858 2549 916 2596 ad
943 2550 1143 2613 praesens
1167 2548 1227 2596 de
1251 2549 1419 2596 ceteris
1444 2548 1546 2613 ejus
1577 2546 1827 2596 sceleribus
1858 2555 2117 2602 taceamus,
2149 2555 2351 2611 quatuor
2380 2548 2549 2612 gravis-

619 2628 746 2683 fima,
772 2645 864 2693 que
889 2628 1018 2676 nulla
1041 2627 1223 2692 poffunt
1248 2628 1389 2675 celari
1414 2626 1814 2692 tergiversatione,
1839 2626 2081 2675 commifit.
2152 2627 2402 2691 Dejeravit
2426 2627 2550 2676 enim

619 2708 910 2763 multotiens3
945 2724 1114 2772 pacem
1153 2707 1395 2771 quondam
1435 2707 1553 2754 inter
1594 2705 1838 2754 ecclefiam
1874 2713 1923 2754 et
1963 2705 2208 2770 imperium
2249 2706 2552 2754 reformatum

621 2796 796 2834 temere
821 2787 1026 2834 violavit.
1100 2786 1392 2850 Perpetravit
1424 2786 1568 2833 etiam
1598 2785 1909 2851 sacrilegium,
1941 2785 2047 2849 capi
2079 2785 2260 2833 faciens
2291 2784 2551 2835 cardinales

620 2866 781 2914 sancte
810 2866 1024 2914 Romane
1049 2865 1258 2920 ecclefie,
1295 2883 1351 2913 ac
1384 2865 1580 2913 aliarum
1615 2865 1833 2930 praelatos
1863 2864 2179 2919 ecclefiarum,
2204 2872 2252 2912 et
2283 2864 2477 2912 clericos
2504 2870 2551 2912 et

621 2946 850 2993 seculares
874 2947 1115 2994 venientes
1147 2945 1206 2993 ad
1233 2945 1499 3000 concilium,
1524 2944 1652 3009 quod
1684 2943 1810 2993 idem
1841 2943 2146 3008 praedeceffor
2177 2943 2331 2991 noster
2354 2943 2550 2993 duxerat

623 3025 991 3073 convocandum.
1065 3025 1146 3073 De
1178 3023 1325 3073 herefi
1356 3040 1547 3089 quoque
1579 3040 1673 3071 non
1699 3023 1853 3071 dubiis
1876 3030 1924 3071 et
1953 3022 2151 3078 levibUS,
2176 3022 2255 3071 sed
2286 3019 2549 3069 difficilibus

623 3112 669 3149 et
694 3103 988 3151 evidentibus
1011 3104 1252 3169 suspectus
1269 3103 1470 3152 habetur
1494 3102 1807 3168 argumentis;
1831 3102 1966 3167 plura
1988 3100 2215 3166 fiquidem
2233 3116 2341 3148 eum
2359 3098 2549 3146 commi-

624 3180 721 3228 fiss'e
746 3182 948 3245 perjuria
971 3183 1080 3231 satis
1103 3190 1249 3246 patet.
1320 3181 1452 3231 Nam
1475 3182 1587 3230 olim
1610 3197 1719 3230 cum
1742 3181 1790 3229 in
1818 3181 2008 3230 Scicilie
2031 3178 2242 3244 partibus
2263 3176 2550 3231 morabatur,

625 3259 891 3323 priusquam
916 3260 1028 3308 effet
1060 3261 1121 3308 ad
1152 3260 1334 3325 imperii
1358 3260 1639 3325 dignitatem
1670 3259 1868 3314 eleetus,
1899 3274 2060 3309 coram
2089 3257 2212 3305 bone
2235 3256 2458 3307 memorie
2486 3255 2549 3304 G.

2876 2726 2904 3229 assmsswww-
2888 2697 2894 2716 «—
2887 2659 2893 2684 π·
2889 2639 2893 2643 2
2888 2617 2890 2620 <

2875 3770 2884 3813 a<
2875 3751 2885 3762 ·-·
2878 3730 2882 3736 ·
2867 3635 2890 3724 exv-33·
2872 3624 2875 3627 ³
2872 3551 2891 3614 »aa
2874 3235 2897 3545 wammam&
