2904 3886
358 491 361 494 ⁴
424 479 741 530 A.D.'1262.
889 472 1468 528 CHRONICA'DE
1521 472 1902 526 MA‘ILROS.
2279 484 2368 533 189

343 645 359 649 -
418 623 556 688 panis
580 639 723 688 quem
747 620 1136 687 promerebantur
1158 621 1367 685 recipere
1385 619 1446 668 de
1463 635 1608 668 manu
1626 619 1764 668 illius.
1803 618 1883 666 Ad
1900 618 2027 667 hunc
2045 619 2191 667 etiam
2208 620 2365 667 venie-

162 1198 223 1233 fol.
244 1201 301 1233 61.
320 1198 355 1232 b.

419 703 534 751 bant
558 702 743 758 divites,
761 701 907 750 etiam
930 717 1012 750 rex
1035 708 1158 749 terre
1176 699 1480 749 AlexanderW
1501 699 1549 747 in
1577 697 1781 762 ecclefia·
1791 698 1850 747 de
1876 698 2057 747 Melros
2075 698 2284 764 sepultus
2316 707 2364 747 et

417 783 554 831 multi
596 782 676 830 alii
701 781 771 830 'ob
809 774 1162 830 venerationem
1199 775 1463 828 sanRitatis
1503 779 1623 844 ejus,
1659 775 1950 844 postulantes
1990 779 2170 827 intense
2211 786 2264 827 ut
2304 779 2364 827 de

417 862 553 910 bonis
589 878 753 910 eorum
784 861 1021 926 acciperet
1055 867 1287 924 quantum
1318 859 1363 907 ei
1394 858 1620 924 placeret,
1651 858 1782 923 quod
1810 859 1907 923 ipse
1932 875 2036 906 raro
2069 859 2364 907 concedebat

416 943 534 998 fieri,
570 941 754 1007 accepit
799 948 960 989 tamen
1000 939 1061 988 de
1097 939 1254 987 vaccis
1293 938 1479 986 illorum
1515 937 1804 1003 quandoque
1844 938 2097 986 nonnullus
2138 946 2190 986 ut
2230 939 2363 986 mini-

417 1022 614 1077 strarent
637 1021 712 1069 136
736 1020 902 1086 egenis
926 1019 989 1067 ad
1012 1017 1397 1067 sevenientibus.
1444 1067 1447 1069 ,
1471 1015 1585 1082 Ipse>
1600 1034 1793 1082 quoque
1817 1017 2027 1066 habebat
2051 1018 2170 1067 duas
2194 1036 2364 1067 vaccas

417 1100 700 1155 monasterii,
725 1098 991 1164 praebentes
1013 1097 1096 1146 fibi
1121 1104 1169 1146 et
1193 1097 1318 1145 socio
1343 1097 1426 1144 suo
1449 1096 1524 1144 136
1548 1096 1610 1144 ad
1634 1096 1975 1144 sufficientiam.
2037 1096 2179 1145 Ratio
2204 1106 2363 1147 autem

417 1179 615 1228 causalis
638 1195 786 1243 quare
817 1177 1071 1242 optimates
1102 1184 1225 1224 terre
1261 1175 1520 1224 veniebant
1551 1175 1613 1223 ad
1645 1192 1770 1230 eum,
1796 1183 1913 1231 erat,
1946 1184 1998 1223 ut
2030 1178 2362 1226 confiterentur

414 1259 479 1307 illi
514 1266 713 1324 peccata
735 1259 818 1306 sua
832 1272 839 1297 5
850 1265 898 1306 et
931 1256 1325 1306 benedicerentur
1349 1255 1410 1304 ab
1444 1255 1540 1311 illo,
1566 1255 1701 1320 cujus
1736 1254 2121 1305 benedietionem
2145 1257 2358 1305 san&am

413 1333 614 1387 multum
637 1337 894 1387 credebant
916 1337 1000 1385 fibi
1024 1332 1355 1402 profuturam.v

454 1469 457 1474 Α
477 1416 625 1467 vAnno
665 1418 861 1468 Domini
896 1418 1093 1466 M.cc.lx.
1133 1416 1370 1465 Henricus
1408 1416 1467 1465 de
1507 1416 1740 1472 Lamden,
1776 1418 2062 1466 camerarius
2094 1419 2360 1467 monasterii

418 1498 757 1553 Calcouienfis,
789 1498 927 1546 rediit
951 1497 1010 1545 de
1048 1497 1178 1545 curia
1211 1496 1447 1552 Romana,
1482 1504 1675 1561 portans
1704 1497 1864 1545 secum
1894 1497 2054 1546 literas
2083 1499 2279 1563 papales
2314 1500 2360 1546 in

415 1579 587 1644 quibus
611 1577 958 1632 continebatur,
977 1577 1107 1643 quod
1130 1577 1225 1625 viso
1249 1576 1475 1624 mandato
1499 1576 1659 1641 papali
1684 1576 1958 1625 immediate
1982 1578 2173 1627 cederet
2200 1579 2358 1644 bajulo

415 1659 626 1707 mandati
651 1658 782 1706 dicto
818 1657 1027 1705 Henrico
1052 1657 1270 1704 dominus
1297 1656 1529 1704 Patricius
1554 1656 1719 1711 abbas,
1744 1657 1825 1721 qui
1858 1664 1971 1705 tunc
1994 1658 2181 1722 praefuit
2206 1659 2362 1706 eidem

415 1739 713 1793 monasterio,
739 1737 867 1802 quod
891 1737 1046 1785 statim
1079 1736 1355 1786 obedienter
1378 1737 1507 1784 fecit.
1579 1736 1710 1784 Nam
1742 1736 1912 1784 eodem
1938 1737 2014 1785 die
2043 1755 2138 1802 quo
2171 1739 2359 1787 intravit

416 1820 572 1867 dictus
594 1818 830 1866 Henricus
849 1817 1042 1865 domum
1065 1817 1315 1872 Calkouie,
1339 1816 1434 1864 fine
1459 1817 1619 1881 aliqua
1644 1817 1851 1864 ulteriori
1871 1817 2097 1866 dilatione
2116 1819 2267 1883 posuit
2291 1820 2375 1866 in-.·

414 1899 563 1964 fignia
594 1897 899 1963 pontificalia,
924 1897 1097 1962 quibus
1120 1897 1366 1945 redimitus
1401 1904 1518 1952 erat,
1543 1897 1680 1961 super
1703 1914 1932 1962 magnum
1958 1898 2104 1946 altare
2137 1899 2258 1947 illius
2283 1917 2358 1947 ce-

413 1978 542 2026 nobii
562 1977 735 2042 quibus
760 1978 806 2025 se
830 1977 983 2024 induit
1005 1994 1116 2025 mox
1142 1976 1379 2025 Henricus
1404 1977 1688 2032 antedictus,
1715 1994 1773 2024 ex
1791 1977 1945 2042 gratia
1969 1979 2175 2027 muneris
2190 1981 2356 2027 summi

412 2057 660 2123 pontificis.
712 2056 899 2105 Viderit
922 2057 1019 2121 ipse
1039 2056 1279 2122 quomodo
1298 2057 1489 2104 intravit
1513 2056 1575 2104 ad
1594 2073 1755 2104 curam
1774 2057 1901 2104 illam
1926 2058 2222 2122 pastoralem,
2247 2077 2379 2116 nam,

413 2138 591 2203 postea,
609 2137 842 2185 nescimus
867 2154 927 2184 an
953 2154 1012 2184 ex
1047 2136 1226 2184 ultione
1254 2136 1353 2184 Dei
1378 2153 1439 2184 an
1458 2153 1517 2183 ex
1541 2136 1667 2184 bona
1692 2138 1794 2201 ejus
1829 2137 2087 2193 voluntate,
2113 2140 2360 2203 repentina

412 2226 563 2265 morte
595 2224 860 2282 praeventus
885 2216 953 2264 est
984 2216 1032 2264 in
1055 2217 1218 2264 mensa
1240 2217 1338 2272 sua,
1365 2216 1557 2281 quando
1590 2217 1792 2281 primum
1815 2217 2047 2265 ferculum
2070 2219 2251 2267 sumere
2285 2237 2359 2267 66-

411 2298 503 2361 pit;
539 2297 620 2362 qui
643 2296 799 2344 statim
837 2296 941 2361 post
962 2294 1219 2345 secundam
1251 2297 1564 2345 resectionem
1602 2305 1862 2346 conventus
1894 2298 2091 2346 traditur
2123 2300 2357 2363 sepulture

414 2377 585 2423 eodem
609 2376 703 2430 die,
727 2377 848 2424 forte
873 2376 986 2440 quia
1009 2377 1262 2424 noluerunt
1286 2376 1411 2424 circa
1435 2393 1604 2441 corpus
1629 2377 1731 2441 ejus
1755 2377 1966 2442 vigilare.

484 2455 627 2502 Anno
665 2455 859 2502 Domini
900 2455 1114 2520 M.cc.lxj.
1165 2456 1447 2504 venerabilis
1492 2464 1627 2520 pater
1661 2457 1830 2512 noster,
1873 2458 2090 2506 dominus
2133 2459 2358 2508 Matheus

416 2535 565 2583 abbas
590 2534 649 2582 de
676 2534 856 2582 Melros
891 2534 1058 2583 absens
1082 2531 1333 2600 deponitur
1364 2535 1412 2582 in
1448 2535 1656 2600 capitulo
1685 2535 1942 2600 Ryeuallis,
1966 2537 2061 2585 fine
2097 2538 2286 2586 confilio
2311 2548 2358 2588 et

414 2615 510 2662 fine
533 2614 650 2662 scitu
668 2614 820 2662 omnis
844 2614 1000 2662 anime
1018 2614 1216 2663 viventis
1240 2614 1300 2662 de
1331 2614 1514 2670 Scotia3
1540 2615 1674 2679 cujus
1697 2616 1842 2664 talem
1861 2616 2199 2681 depositionem
2222 2620 2357 2667 multi

416 2695 697 2758 planxerunt
727 2701 827 2740 tam
856 2693 1076 2741 monachi
1101 2710 1246 2758 quam
1281 2693 1487 2742 converfi
1518 2695 1785 2743 monasterii
1812 2695 2123 2753 Melrosenfis,
2149 2698 2262 2762 quia
2289 2700 2356 2747 ni-

418 2773 510 2821 chil
535 2773 672 2838 culpe
696 2773 939 2821 inventum
961 2773 1051 2820 fuit
1085 2773 1133 2820 in
1158 2790 1216 2821 eo
1245 2790 1329 2838 pro
1353 2790 1450 2838 qua
1473 2773 1638 2822 debuit
1669 2775 1824 2823 taliter
1849 2775 2038 2840 deponi,
2064 2784 2115 2823 ut
2146 2777 2229 2841 ipfi
2253 2778 2356 2826 esti-

416 2860 690 2908 maverunt;
726 2852 904 2918 placuit
921 2860 1082 2900 tamen
1100 2853 1222 2917 patri
1246 2852 1409 2901 abbati
1428 2860 1479 2900 ut
1502 2853 1564 2901 fic
1581 2854 1713 2902 fieret
1742 2854 1802 2902 ab
1835 2855 1895 2903 de
1914 2872 1988 2910 eo,
2007 2863 2198 2920 propter
2222 2859 2356 2922 quas-

417 2934 529 2981 dam
553 2932 850 2997 objefi'ciones
867 2949 986 2997 quas
1003 2931 1214 2980 habebat
1232 2940 1396 2980 contra
1414 2933 1580 2997 ipsum,
1599 2941 1650 2980 ut
1667 2933 1751 2981 fibi
1770 2934 2018 2982 videbatur
2034 2935 2354 2985 rationabiles.

421 3013 536 3061 Post
560 3012 694 3077 cujus
713 3011 1014 3077 depositionis
1038 3011 1511 3068 denominationem,¹
1533 3013 1580 3060 in
1599 3013 1807 3078 capitulo
1831 3013 1954 3063 illius
1978 3014 2055 3062 die
2090 3032 2186 3080 quo
2210 3016 2355 3082 depo-

418 3091 529 3141 fitus
553 3099 669 3147 erat,
695 3091 893 3139 absoluti
918 3092 1023 3139 sunt
1047 3091 1108 3140 ab
1132 3092 1231 3157 ipso
1254 3099 1388 3157 patre
1407 3091 1582 3140 abbate
1607 3092 1668 3141 ab
1693 3093 1975 3142 obedientiis
1998 3102 2046 3142 et
2069 3095 2355 3159 profeffioni-

419 3172 508 3239 bus
530 3171 614 3221 fibi
637 3171 780 3220 factis
804 3188 969 3220 omnes
994 3170 1321 3220 Melrosenses.
1385 3171 1482 3220 Sed
1504 3171 1620 3220 heu!
1657 3189 1767 3220 nam
1791 3190 1874 3238 per
1897 3173 2023 3222 hunc
2046 3173 2224 3224 bonum
2250 3175 2355 3224 Ma-

576 3272 597 3287 '
627 3250 826 3310 Alexander
842 3274 903 3309 the
924 3274 1073 3309 Second.
1128 3275 1194 3310 See
1211 3274 1340 3315 before,
1359 3285 1419 3320 pp.
1442 3275 1520 3315 177,
1540 3276 1618 3312 178-
1760 3297 1762 3299 v
1812 3275 1829 3290 ¹
1856 3276 2199 3313 Denunciationem?
