2852 3874
171 1509 227 1541 fol.
249 1511 304 1542 90.

393 485 527 535 ΑΒ.
570 490 709 541 1170.
850 486 1273 537 cHRoNch
1317 487 1418 536 DE
1464 487 1847 537 MArLRos.
2195 455 2198 463 ¹
2261 493 2323 537 ss

461 624 594 674 Obiit
621 624 785 674 Owein
809 626 999 691 regulus
1027 612 1218 676 wauie'.

459 703 756 754 Venerabilis
787 705 1000 755 Thomas
1031 705 1380 756 Cantuarienfis
1420 706 1795 772 archiepiscopus
1830 723 1858 773 a
1892 722 2019 772 papa
2050 705 2323 755 Alexandro

383 784 485 847 jam
516 784 704 849 legatus
726 785 900 841 saGtus,
936 787 1060 835 circa
1093 786 1264 835 festum
1286 786 1436 835 sanc'ti
1463 785 1655 835 Andree
1683 785 1833 851 [Nov.
1870 786 1956 852 30]
1984 786 2044 835 de
2078 786 2217 835 exilio
2241 803 2324 853 per

390 863 515 928 regis
538 863 777 915 licentiam
800 865 938 914 rediit
960 865 1008 913 in
1034 864 1298 931 Angliamb.

472 943 607 1008 Papa
654 942 925 993 Alexander
967 943 1203 1008 suspendit
1253 943 1496 1009 Rogerum
1540 943 1886 993 Eboracensem
1925 945 2322 1010 archiepiscopum

388 1021 450 1068 ab
473 1022 600 1070 omni
624 1022 876 1087 episcopali
901 1022 1070 1077 officio,
1095 1029 1144 1070 et
1165 1021 1421 1087 Hugonem
1449 1022 1816 1071 Dunelmensem
1834 1031 1882 1071 et
1908 1023 2173 1073 Gilbertum
2195 1024 2321 1073 Lun-

388 1101 658 1149 doniensem
681 1101 941 1165 episcopos,
966 1108 1014 1149 et
1038 1109 1221 1149 ceteros
1257 1117 1421 1150 omnes
1445 1101 1526 1166 qui
1558 1100 1868 1149 interfuerunt
1899 1103 2187 1150 coronationi
2227 1120 2321 1151 non

388 1179 613 1227 canonice
640 1177 836 1227 Henrici
859 1179 940 1228 filii
964 1180 1128 1245 regis.⁰

454 1257 597 1306 Anno
621 1258 836 1323 M.c.lxxj.
867 1258 912 1306 O
936 1259 1086 1307 scelus
1119 1258 1401 1307 nefandum!
1448 1258 1493 1307 O
1517 1258 1698 1324 nephas
1740 1258 2090 1308 detestandum!
2121 1259 2166 1308 O
2190 1260 2320 1325 flagi-

385 1336 509 1384 cium
534 1337 873 1386 execrandum!
931 1337 976 1385 O
1001 1338 1185 1386 cunetis
1199 1345 1323 1386 retro
1338 1338 1504 1386 seculis
1519 1338 1780 1386 inauditum
1795 1339 2054 1403 piaculum!
2073 1339 2211 1387 beate
2227 1357 2321 1388 me-

384 1416 531 1463 morie
559 1415 771 1465 Thomas
806 1417 1139 1466 Cantuarenfis
1164 1417 1554 1483 archiepiscopus,
1584 1418 1704 1466 sedis
1729 1418 1980 1483 apostolice
1998 1419 2201 1484 legatus,
2233 1421 2320 1484 pri-

385 1511 486 1543 mas
510 1496 654 1544 totius
671 1495 876 1561 Angliae,
896 1498 976 1561 qui
995 1498 1096 1562 jam
1120 1514 1203 1562 per
1222 1499 1299 1546 sex
1325 1505 1372 1545 et
1397 1514 1454 1545 eo
1474 1498 1673 1562 amplius
1693 1514 1840 1546 annos
1858 1515 1942 1562 pro
1960 1498 2140 1563 justitia
2164 1499 2320 1548 decer-

386 1583 506 1629 tans,
544 1575 671 1640 regis
705 1575 895 1623 senioris
923 1575 1188 1641 Anglorum
1228 1576 1422 1624 Henrici
1460 1577 1692 1625 violentiis
1731 1577 1779 1624 in
1822 1577 1991 1626 Galliis
2028 1578 2321 1633 exulaverat,

385 1653 749 1703 innumerabiles
790 1655 933 1703 etiam
970 1655 1035 1703 ibi
1075 1672 1160 1720 pro
1189 1655 1359 1704 Christi
1397 1655 1592 1704 ecclefia
1628 1656 1878 1721 perpessus·
1906 1657 2113 1721 injurias,
2154 1666 2318 1723 utpote

385 1732 641 1781 infantibus
682 1733 803 1782 infra
835 1727 982 1782 annos
1020 1734 1081 1782 ad
1118 1733 1264 1782 ubera
1303 1734 1619 1799 pendentibus
1652 1735 1698 1782 in
1737 1735 1867 1783 cunis
1902 1735 2023 1784 illius
2064 1736 2318 1784 secundum

386 1829 575 1860 carnem
593 1814 881 1877 propinquis,
907 1821 955 1861 et
979 1814 1146 1861 ceteris
1170 1813 1387 1862 omnibus
1410 1811 1597 1861 senibus
1622 1830 1729 1862 cum
1746 1814 2011 1878 junioribus
2036 1813 2095 1862 ab
2123 1815 2316 1880 Anglia,

385 1891 584 1939 instante
615 1892 889 1956 nequiflimo
928 1894 1052 1958 regis
1087 1893 1246 1941 edicto
1271 1893 1536 1948 eliminatis,
1561 1910 1680 1957 pace
1715 1893 1907 1941 tandem
1931 1895 2049 1942 inter
2085 1894 2234 1959 ipsum
2272 1904 2318 1942 et

385 1987 547 2034 regem
571 1971 747 2018 domini
763 1988 886 2035 pape
906 1979 953 2019 et
972 1972 1099 2019 curie
1118 1971 1349 2027 Romane,
1365 1989 1550 2020 necnon
1563 1972 1812 2020 Gallicane
1829 1973 2036 2027 ecclesie,
2054 1981 2101 2021 et
2115 1975 2318 2021 maxime

383 2050 447 2112 pii
471 2050 595 2114 regis
622 2049 834 2098 Franciae
861 2050 1091 2099 Ludovici
1116 2051 1334 2098 instantia
1359 2051 1419 2102 ad
1451 2051 1657 2115 plenum,
1682 2058 1734 2098 ut
1758 2051 2026 2115 putabatur,
2052 2053 2317 2107 reformata,

383 2129 632 2193 postquam
658 2130 718 2177 ab
743 2147 801 2178 eo
826 2130 872 2178 in
898 2131 1055 2178 osculo
1079 2130 1210 2195 pacis
1233 2131 1388 2178 fuerat
1413 2131 1665 2195 susceptus,
1691 2138 1738 2177 et
1761 2131 1808 2178 in
1835 2130 2014 2196 Anglia
2032 2148 2138 2179 cum
2155 2132 2318 2180 litteris

383 2208 474 2255 suis
497 2208 614 2256 liber
650 2209 779 2257 abire
803 2209 1060 2274 permissus,
1081 2227 1109 2257 a
1134 2209 1398 2257 domesticis
1422 2218 1469 2257 et
1504 2209 1854 2258 sceleratiffimis
1879 2209 2132 2258 baronibus
2167 2219 2215 2258 et
2239 2212 2317 2258 de-

382 2287 606 2336 testandis
640 2288 865 2337 militibus
900 2290 1039 2354 regis,
1075 2290 1239 2353 paucis
1275 2289 1440 2337 diebus
1468 2289 1716 2353 postquam
1741 2290 1787 2336 in
1822 2289 1951 2336 suam
1983 2289 2140 2337 sedem
2164 2291 2318 2338 fuerat

382 2367 619 2431 susceptus
643 2369 857 2423 evolutis,
890 2369 1106 2417 sevientis
1130 2369 1255 2434 regis
1278 2369 1347 2416 ira
1382 2368 1444 2416 ob
1469 2368 1696 2416 creditam
1723 2367 1805 2416 fibi
1831 2385 1859 2415 a
1887 2368 2076 2416 domino
2099 2385 2240 2433 papa,
2267 2378 2317 2416 ut

382 2446 579 2501 di6’tum,
603 2446 892 2512 legationem
916 2456 964 2496 et
988 2447 1050 2495 ob
1075 2448 1397 2513 episcoporum
1421 2448 1607 2495 suorum
1625 2447 1981 2512 suspensionem,
1998 2448 2140 2512 longe
2163 2449 2315 2512 magis

382 2525 577 2572 diffimili
618 2534 666 2573 et
702 2527 997 2575 sceleratiore
1043 2527 1185 2574 modo
1226 2543 1370 2591 quam
1408 2526 1612 2574 Herodis
1647 2527 1693 2574 in
1731 2526 1760 2574 J
1765 2527 1891 2574 esum
1938 2527 2009 2574 vel
2044 2526 2232 2574 secundi
2269 2528 2314 2574 in

382 2604 410 2651 J
414 2604 649 2652 ohannem
673 2605 939 2669 baptistam,
960 2606 1021 2653 ad
1038 2614 1237 2653 mortem
1256 2613 1418 2654 contra
1436 2606 1515 2670 jus
1540 2613 1588 2653 et
1605 2606 1678 2653 fas
1702 2605 1984 2669 dampnatus
2007 2606 2053 2652 in
2069 2606 2310 2670 principali

381 2685 523 2731 totius
536 2683 899 2748 Anglie,san6te
911 2684 1155 2732 Trinitatis
1174 2684 1383 2739 ecclefia,
1395 2692 1504 2732 ante
1519 2685 1732 2733 sanGtum
1748 2685 1894 2732 altare
1910 2684 2035 2732 beati
2048 2684 2313 2738 Benedicti,

381 2763 789 2811 innumerabilium
812 2771 1083 2827 martyrum,
1108 2758 1433 2818 confefforum,
1465 2764 1712 2828 virginum,
1745 2770 1909 2827 utpote
1933 2764 1980 2810 in
2015 2763 2095 2810 tali
2121 2763 2313 2811 ecclefia

382 2841 756 2890 circumvallatus
780 2842 1002 2906 reliquiis,
1027 2842 1193 2906 quinta
1216 2842 1292 2889 die
1316 2842 1472 2891 locum
1495 2842 1627 2889 suum
1652 2843 1867 2906 optinens
1890 2842 1991 2906 post
2021 2842 2312 2889 nativitatem

382 2921 620 2968 salvatoris
643 2921 787 2984 [Dec.
805 2920 889 2984 29]
918 2920 1032 2968 ficut
1047 2920 1214 2968 beatus
1233 2920 1443 2968 Thomas
1463 2920 1697 2984 apostolus
1715 2937 1757 2968 v.
1775 2921 1851 2967 die
1875 2920 2074 2967 eandem
2097 2921 2311 2968 nativita-

380 3008 478 3048 tem
492 3000 714 3065 praecedit
734 2999 994 3064 [Dee.2l],
1014 2999 1225 3064 sequenti
1241 2999 1413 3047 scilicet
1428 2999 1503 3046 die
1522 2999 1624 3063 post
1640 2999 1798 3047 natale
1808 2999 2142 3055 innocentium,
2166 2999 2309 3063 [Dec.

381 3078 487 3143 28],
506 3079 679 3126 sanctis
704 3078 1031 3126 innocentibus
1055 3078 1101 3126 in
1127 3078 1274 3126 altera
1289 3078 1385 3125 vita
1409 3077 1723 3142 copulandus3
1752 3079 1818 3125 sui
1842 3077 1980 3142 ipfius
2004 3078 2211 3126 imitatus
2233 3078 2311 3126 Je-

381 3159 481 3206 sum
504 3166 703 3207 mortem
722 3157 1101 3206 interfectoribus
1124 3157 1380 3211 remittens,
1401 3164 1645 3221 amputata
1662 3158 1760 3205 fere
1779 3157 1915 3205 unius
1934 3174 1992 3205 ex
2010 3157 2189 3205 clericis
2205 3158 2309 3210 suis,

382 3237 463 3302 qui
487 3254 675 3286 crucem
698 3225 995 3302 praeferabat‚
1021 3237 1229 3291 dextera,
1249 3235 1365 3300 proh
1380 3234 1567 3284 dolor!d
1591 3235 1655 3284 Et
1669 3235 1783 3284 ficut
1798 3253 1933 3284 verus
1954 3236 2122 3284 Christi
2140 3244 2312 3300 martyr

431 3377 447 3397 ¹¹
469 3377 666 3423 According
693 3383 732 3413 to
756 3378 914 3418 Grenase,
943 3376 989 3411 he
1014 3376 1150 3411 arrived
1174 3382 1211 3410 at
1240 3375 1456 3420 Canterbury
1484 3385 1580 3420 upon
1608 3374 1670 3410 the
1696 3374 1783 3409 aoth
1812 3373 1854 3409 of
1867 3374 2078 3414 November,
2105 3374 2172 3408 col.
2203 3375 2304 3407 1414.

384 3431 398 3446 ⁰
421 3432 656 3473 swan-vase,
675 3432 742 3468 col.
765 3435 877 3473 1413;
898 3432 1026 3467 Hoved.
1046 3431 1106 3466 fol.
1122 3433 1212 3471 2983
1239 3430 1298 3465 M.
1319 3431 1431 3471 Paris,
1450 3441 1485 3475 p.
1500 3431 1558 3464 86.
1703 3430 1718 3449 ‘¹
1741 3430 1798 3464 An
1814 3429 2016 3474 interesting
2031 3434 2180 3464 account
2196 3427 2238 3462 of
2247 3427 2308 3461 the
