2904 3886
635 464 724 514 168
1066 461 1487 511 CHRONICA
1531 460 1631 510 DE
1658 447 2060 512 'MAILRos
2263 465 2394 514 A.D.
2426 470 2565 515 1245.

637 603 915 670 quibusdam
940 602 1042 650 aliis
1065 600 1328 665 optinebat,
1346 601 1462 648 locis
1486 600 1651 664 paucis
1669 601 1879 666 exceptis
1896 617 2131 666 occupare
2153 618 2248 651 non
2270 612 2502 664 metuens,
2520 616 2569 656 et

637 701 719 732 eas
743 683 898 732 adhuc
922 681 1103 729 detinet
1127 686 1400 745 occupatas.
1472 678 1538 727 Et
1561 686 1792 744 tanquam
1827 680 1871 728 ei
1895 696 1991 728 non
2015 681 2247 730 sufficeret
2269 683 2400 748 quod
2421 687 2568 735 mani·

637 763 752 810 feste
777 768 940 809 contra
957 760 1229 824 juramenta
1250 758 1365 806 talia
1388 757 1623 814 veniebat,
1648 775 1731 824 per
1754 759 1802 807 se
1825 759 1899 807 vel
1924 776 2008 825 per
2030 760 2136 809 suos
2159 761 2384 811 officiales
2407 779 2569 813 earum

637 840 959 906 possessionum
1000 838 1215 886 homines
1253 837 1466 902 dejerare
1504 838 1745 902 compulit,
1784 838 1906 903 ipsos
1941 855 1970 886 a
2000 839 2281 904 juramentis
2316 841 2570 902 fidelitatis,

636 919 807 984 quibus
833 917 1049 967 Romane
1084 916 1367 965 tenebantur
1402 915 1610 972 ecclesie,
1636 916 1696 965 de
1727 917 1875 972 facto,
1908 934 2016 966 cum
2047 918 2107 966 de
2135 919 2243 984 jure
2278 936 2372 969 non
2407 922 2570 986 pofl'et,

635 999 902 1054 absolvens;
939 1005 986 1045 et
1008 997 1190 1045 faciens
1213 996 1403 1044 eosdem
1427 995 1704 1044 fidelitatem
1728 996 2030 1046 nihilominus
2048 997 2265 1063 abjurare
2289 999 2569 1065 predictam,

634 1078 813 1143 fibique
836 1077 1075 1125 fidelitatis
1098 1075 1363 1141 hujusmodi
1392 1076 1664 1140 juramenta
1687 1075 1920 1140 praestare.
1993 1077 2131 1126 Pacis
2155 1095 2265 1126 vero
2301 1079 2449 1144 ipsum
2473 1082 2568 1129 vio-

634 1159 831 1206 latorem
857 1156 1051 1205 existere
1076 1156 1216 1220 plene
1240 1154 1443 1210 constat;
1479 1155 1591 1219 quia
1617 1171 1724 1203 cum
1749 1155 1861 1203 olim
1885 1163 2098 1221 tempore
2122 1158 2253 1222 pacis
2277 1159 2397 1207 inter
2420 1161 2569 1224 ipsum

636 1246 682 1286 et
707 1236 950 1285 ecclesiam
975 1236 1226 1284 reformate
1251 1233 1446 1298 jurafl‘et
1469 1250 1627 1282 coram
1652 1234 1775 1282 bone
1806 1235 2030 1283 memorie
2055 1236 2100 1284 J.
2127 1236 2187 1285 de
2213 1236 2417 1287 Abbatis
2441 1240 2568 1296 uilla,

636 1318 854 1382 episcopo
884 1313 1143 1369 Sabinenfi,
1169 1322 1217 1361 et
1244 1313 1466 1378 magistro
1495 1313 1749 1361 Thomafio
1774 1314 1895 1361 tituli
1920 1315 2082 1363 sancte
2112 1315 2288 1365 Sabine
2314 1318 2568 1382 presbitero

636 1396 879 1450 cardinali,
915 1393 1220 1458 praesentibus
1257 1392 1415 1440 multis
1455 1392 1676 1456 praelatis,
1715 1393 2018 1457 principibus,
2054 1402 2102 1442 et
2134 1395 2403 1452 baronibus,
2439 1400 2567 1463 quod

634 1476 774 1523 staret
815 1482 862 1522 et
899 1480 1083 1537 pareret
1120 1472 1309 1536 praecise
1346 1471 1522 1535 absque
1558 1471 1655 1519 ulla
1690 1471 2042 1520 contradicione
2078 1474 2297 1524 omnibus
2333 1478 2568 1526 mandatis

634 1553 826 1602 ecclefie
862 1554 997 1616 super
1027 1552 1099 1599 his
1131 1568 1215 1615 pro
1246 1550 1418 1615 quibus
1453 1558 1554 1598 erat
1589 1550 1776 1598 vinculo
1809 1552 2308 1602 excommunicationis
2339 1555 2569 1612 astriRus,

635 1633 782 1682 causis
806 1631 1015 1696 ejusdem
1039 1629 1538 1678 excommunicationis
1563 1629 1779 1694 expreflis
1811 1647 1893 1694 per
1928 1631 2140 1679 ordinem
2164 1649 2322 1681 coram
2347 1651 2428 1690 eo;
2458 1644 2571 1685 tunc

635 1712 851 1761 omnibus
879 1710 1116 1758 Teutonie
1140 1708 1424 1763 hominibus,
1460 1709 1593 1773 regni
1623 1709 1827 1764 Scicilie,
1860 1726 1917 1757 ac
1941 1709 2223 1774 quibussibet
2247 1713 2364 1769 aliis,
2390 1715 2470 1779 qui
2495 1732 2569 1764 ec-

635 1785 958 1840 clefie'contra
988 1790 1137 1854 ipsum
1169 1788 1462 1842 adheserant,
1488 1805 1678 1836 omnem
1713 1789 1955 1837 remittens
1979 1789 2202 1838 offensam
2226 1800 2274 1840 et
2308 1809 2497 1857 penam,
2522 1803 2570 1842 et

635 1872 763 1936 quod
787 1871 915 1919 nullo
940 1878 1152 1933 tempore
1185 1868 1444 1915 offenderet
1467 1867 1542 1915 vel
1566 1867 1740 1915 offendi
1765 1869 1944 1916 faceret
1979 1869 2116 1934 ipsos,
2151 1887 2234 1934 pro
2259 1889 2317 1919 eo
2341 1873 2470 1936 quod
2494 1890 2569 1922 ec-

634 1951 769 1999 clefie
794 1949 1047 1998 affisterant
1071 1947 1274 2012 praestari
1301 1947 1346 1994 in
1367 1947 1524 1994 anima
1548 1947 1630 1994 sua
1655 1964 1738 2011 per
1758 1946 1824 1994 N.
1846 1948 2070 1995 comitem
2091 1947 2364 1998 Atterarum
2388 1953 2567 2001 faciens

631 2032 973 2095 juramentum3
1022 2026 1304 2091 postremum
1348 2042 1516 2090 pacem
1557 2033 1605 2073 et
1636 2026 1907 2090 juramenta
1943 2026 2224 2091 hujusmodi,
2264 2046 2567 2095 nequaquam

637 2109 915 2157 erubescens
939 2106 1102 2154 irretiri
1126 2105 1354 2169 perjuriis,
1379 2121 1474 2152 non
1499 2105 1711 2153 servavit.
1766 2104 2036 2154 Nonnullos
2059 2107 2184 2154 enim
2210 2124 2266 2155 ex
2291 2109 2396 2173 ipfis
2421 2110 2567 2158 homi-

637 2188 774 2235 nibus
792 2195 889 2234 tam
908 2185 1090 2232 nobiles
1108 2200 1251 2248 quam
1271 2184 1388 2231 alios
1407 2183 1512 2247 capi
1537 2183 1668 2238 fecit,
1694 2191 1741 2231 et
1759 2183 1827 2231 eis
1845 2183 1981 2232 bonis
2004 2185 2096 2233 suis
2121 2186 2337 2235 omnibus
2360 2189 2568 2253 spoliatis

638 2283 806 2314 uxores
831 2281 992 2313 eorum
1017 2271 1065 2311 et
1098 2263 1218 2310 filios
1253 2262 1494 2326 captivari,
1519 2270 1566 2310 et
1599 2269 1747 2310 terras
1782 2262 1992 2318 ecclefie,
2029 2272 2192 2312 contra
2227 2267 2568 2330 promiffionem

637 2362 780 2410 quam
804 2344 978 2392 eisdem
997 2341 1042 2390 J.
1065 2340 1308 2389 Sabinenfi
1332 2341 1566 2405 episcopo,
1587 2348 1634 2388 et
1655 2340 1909 2388 Thomafio
1934 2341 2158 2390 cardinali
2182 2344 2376 2399 fecerat,
2402 2346 2568 2395 irreve-

638 2432 790 2472 renter
809 2421 993 2476 invafit;
1016 2421 1127 2468 licet
1144 2428 1303 2467 tamen
1322 2419 1404 2483 ipfi
1422 2427 1611 2467 extunc
1635 2420 1681 2467 in
1701 2436 1808 2467 eum
1827 2421 2117 2484 praesentem,
2142 2421 2175 2469 fi
2194 2431 2356 2471 contra
2375 2426 2567 2481 veniret,

638 2499 1134 2551 excommunicationis
1156 2499 1441 2547 sentenciam
1465 2499 1826 2563 promulgarint;
1851 2507 1899 2546 et
1923 2516 2031 2547 cum
2054 2500 2180 2548 idem
2203 2500 2286 2549 fibi
2311 2504 2567 2568 apostolica

638 2583 920 2631 auctoritate
943 2578 1249 2633 mandassent,
1274 2586 1325 2626 ut
1349 2595 1438 2626 nec
1461 2595 1544 2643 per
1568 2579 1615 2625 se
1639 2595 1728 2626 nec
1753 2595 1836 2642 per
1861 2579 2004 2626 alium
2029 2579 2292 2644 impediret,
2319 2583 2432 2646 quin
2468 2586 2569 2648 pos-

637 2663 905 2715 tulationes,
931 2659 1190 2707 electiones
1214 2665 1262 2706 et
1287 2657 1674 2706 confirmaciones
1698 2656 1998 2706 ecclesiarum
2022 2666 2070 2706 et
2104 2660 2488 2710 monasteriorum
2519 2664 2566 2711 in

639 2759 786 2807 regno
821 2740 1018 2805 praefato
1041 2737 1188 2785 libere
1217 2737 1276 2785 de
1313 2745 1471 2785 cetero
1499 2737 1679 2792 fierent,
1717 2737 1974 2785 secundum
1997 2737 2172 2786 statuta
2205 2741 2392 2788 concilii
2425 2758 2566 2807 gene-

638 2822 768 2875 ralis;
800 2828 847 2868 et
871 2818 1000 2884 quod
1023 2817 1178 2865 nullus
1203 2816 1424 2881 deinceps
1448 2817 1495 2864 in
1521 2816 1690 2864 eodem
1726 2833 1874 2881 regno
1897 2817 2005 2865 viris
2029 2817 2348 2868 ecclesiasticis
2372 2821 2566 2870 civiliter

637 2901 905 2954 haberetur,
942 2915 998 2946 ac
1019 2895 1318 2961 Templariis,
1340 2894 1683 2960 Hospitalariis‚
1709 2903 1757 2943 et
1781 2895 1883 2944 aliis
1907 2897 2113 2961 personis
2145 2897 2479 2954 ecclesiasticis,
2503 2899 2563 2947 de

639 2980 820 3028 damnis
845 2986 892 3026 et
916 2976 1094 3042 injuriis
1117 2975 1333 3040 irrogatis
1356 2974 1531 3023 eisdem
1554 2975 1841 3023 satisfaceret
1865 2983 2209 3040 competenter3
2243 2977 2339 3041 ipse
2372 2977 2564 3025 manda-

639 3068 738 3104 tum
762 3056 1025 3121 hujusmodi
1049 3055 1305 3120 adimplere
1329 3053 1620 3118 contempsit.
1673 3052 1848 3119 Liquet
1865 3071 2073 3118 namque
2090 3055 2309 3103 undecim
2326 3071 2384 3102 ac
2406 3055 2563 3119 plures

641 3135 1073 3199 archiepiscopales,
1098 3142 1146 3182 et
1179 3132 1351 3181 multas
1375 3133 1666 3198 episcopales
1699 3133 1848 3188 sedes,
1884 3131 2110 3181 abbacias
2132 3148 2324 3197 quoque
2358 3149 2415 3180 ac
2447 3134 2563 3182 alias

640 3212 856 3261 ecclesias
879 3213 925 3259 in
950 3228 1096 3277 regno
1119 3228 1287 3259 vacare
1310 3211 1561 3276 praedifi'tm
1593 3211 1766 3274 easque
1801 3218 2080 3275 procurante
2113 3210 2227 3274 ipso,
2250 3209 2365 3259 ficut
2400 3222 2562 3276 aperte
