2904 3886
175 2690 234 2725 fol.
250 2693 306 2729 67.
323 2692 355 2727 b.

432 479 740 530 A.D.126s.
896 480 1322 537 CHRONICA
1369 480 1463 530 DE
1514 480 1901 530 M-AILROS.
2269 488 2365 533 203

426 634 604 687 magna
627 622 915 688 quicumque
939 622 1007 671 est
1037 623 1115 672 ille
1140 623 1222 689 qui
1245 638 1438 671 manum
1469 623 1598 671 illam
1631 622 1877 678 abscidit,”
1902 623 2204 688 narravitque
2236 623 2366 671 vifio-

426 716 534 748 nem
563 701 741 750 secreto
765 702 939 758 clienti,
965 719 1109 767 quam
1142 719 1238 750 non
1268 718 1434 751 omnes
1464 703 1533 765 set
1563 702 1721 767 plures
1752 717 1811 759 ex
1841 701 2059 751 fidelibus
2087 702 2258 751 Christi
2283 703 2364 767 qui

428 778 491 827 ibi
515 787 628 829 tunc
652 781 849 830 aderant
872 781 1031 830 videre
1054 789 1351 830 meruerunt:
1383 781 1649 846 precipiens
1673 771 1717 830 ei
1741 789 1794 830 ut
1818 781 2039 830 visionem
2064 799 2209 847 quam
2234 782 2364 832 audi-

426 866 527 906 erat
551 860 742 909 veniens
761 860 823 908 ad
848 861 1090 909 dominum
1114 860 1248 909 suum
1264 860 1465 908 fideliter
1489 861 1532 908 ei
1551 868 1804 909 enarraret.
1859 861 2021 926 Pergit
2045 862 2187 927 igitur
2211 863 2367 911 servus

425 953 623 1003 propere
649 952 756 987 cum
787 953 931 987 manu
963 956 1108 1004 quam
1138 939 1374 1003 bajularat
1405 939 1468 987 ad
1499 939 1742 988 dominum
1772 940 1854 1004 qui
1890 957 1999 988 eum
2033 942 2236 996 miserat,
2272 958 2366 990 non

425 1017 552 1065 enim
576 1018 766 1066 intravit
789 1018 837 1065 in
862 1018 1055 1066 domum
1080 1018 1271 1065 domine
1294 1019 1392 1073 sue,
1415 1017 1531 1066 ficut
1556 1018 1636 1066 illa
1659 1019 1933 1082 promiserat
1958 1028 2148 1085 propter
2170 1037 2366 1068 manum

423 1095 640 1151 allatam;
665 1096 791 1144 unde
810 1096 992 1145 videtur
1011 1097 1140 1161 quod
1159 1103 1260 1144 erat
1279 1113 1374 1144 una
1392 1113 1451 1144 ex
1468 1097 1614 1145 fatuis
1632 1098 1906 1146 mulieribus
1925 1115 2018 1163 que
2037 1107 2135 1147 tam
2155 1101 2367 1149 san6tam

423 1182 616 1222 manum
634 1182 733 1222 tam
756 1175 889 1222 fatue
913 1176 1164 1230 recusarat,
1185 1174 1316 1240 quod
1338 1192 1434 1223 non
1458 1176 1547 1223 fuit
1571 1177 1755 1224 faetum
1779 1176 1873 1225 fine
1899 1177 2087 1233 confilio
2113 1179 2366 1234 divinitatis

422 1253 579 1303 omnia
612 1245 734 1301 bene
767 1253 1070 1318 disponentis.
1141 1253 1255 1302 Non
1289 1261 1391 1302 erat
1422 1255 1549 1303 enim
1581 1254 1753 1320 dignus
1785 1256 1852 1303 vir
1885 1256 2002 1321 ejus,
2041 1257 2162 1306 filius
2197 1258 2364 1314 Belial,

420 1331 646 1396 poffidere
671 1333 718 1381 in
744 1333 885 1382 domo
917 1334 999 1381 sua
1029 1350 1222 1382 manum
1254 1341 1387 1382 tante
1411 1334 1675 1383 san6titatis
1700 1342 1748 1382 et
1779 1335 1888 1383 ideo
1925 1336 2128 1384 creditur
2162 1337 2365 1386 tranfifl‘e

421 1411 481 1459 ad
505 1411 816 1476 pofi'efl‘orem,
844 1412 953 1460 Deo
977 1413 1271 1477 providente,
1295 1413 1445 1461 multo
1469 1414 1731 1462 meliorem.
1807 1414 1903 1463 Sed
1923 1416 2163 1480 quomodo
2187 1417 2262 1465 vel
2286 1417 2366 1465 ubi

422 1491 678 1547 devenerit,
703 1493 886 1556 prorsus
910 1493 1100 1557 ignoro;
1125 1493 1209 1541 sed
1232 1492 1324 1540 hoc
1347 1510 1433 1558 pro
1452 1510 1562 1541 vero
1585 1493 1731 1541 fixum
1755 1501 1896 1542 teneo
1917 1503 1963 1543 et
1987 1495 2180 1544 firmiter
2205 1497 2364 1551 credo,

421 1570 550 1634 quod
575 1571 636 1618 ad
660 1571 949 1619 cotidianam
983 1572 1296 1620 elevationem
1330 1572 1545 1620 salutaris
1579 1572 1728 1621 hostie
1758 1574 1940 1622 solebat
1965 1583 2013 1622 et
2044 1575 2223 1632 Simon,
2249 1577 2362 1624 dum

420 1649 575 1697 adhuc
599 1650 791 1706 viveret,
823 1668 917 1698 non
942 1650 1036 1699 fine
1062 1651 1243 1716 ingenti
1268 1652 1531 1700 reverentia
1560 1652 1746 1708 Christi,
1771 1670 1866 1701 non
1890 1653 1985 1701 fine
2018 1655 2182 1703 intimo
2207 1673 2366 1705 amore

421 1728 539 1792 ejus,
565 1745 736 1778 manus
759 1730 866 1778 suas
890 1730 1091 1778 elevare.
1167 1730 1318 1796 Cujus
1344 1730 1630 1779 devotiflime
1663 1732 1939 1781 elevationis
1964 1741 2093 1782 certa
2117 1742 2165 1782 et
2196 1736 2364 1783 infalli-

420 1806 525 1856 bilis
550 1808 827 1873 conjectura
851 1809 954 1873 post
977 1817 1177 1857 mortem
1202 1810 1304 1875 ejus
1329 1810 1512 1865 claruit,
1538 1811 1650 1858 dum
1674 1828 1842 1860 manus
1867 1813 1970 1877 ejus
1993 1821 2180 1862 mortua
2208 1815 2363 1863 eleva-

419 1895 508 1941 tur,
534 1895 586 1935 ut
604 1888 785 1936 dietum
805 1888 887 1944 est,
906 1889 1254 1953 redemptorem
1277 1890 1441 1937 mundi
1460 1890 1519 1937 de
1543 1890 1837 1939 mundissima
1860 1892 2040 1958 virgine
2064 1902 2362 1957 procreatum

419 1965 693 2023 adoratura3
727 1975 774 2015 et
808 1967 916 2015 ideo
952 1968 1074 2016 bene
1110 1968 1301 2016 memini
1334 1969 1393 2017 de
1426 1986 1485 2017 eo
1515 1970 1563 2016 in
1588 1969 1877 2019 editiuncula
1909 1971 1968 2019 de
2000 1972 2125 2020 bello
2152 1972 2363 2022 Lawenfi

416 2045 564 2100 facta,
590 2047 720 2110 quod
753 2047 911 2095 divina
943 2055 1044 2095 erat
1075 2048 1286 2112 preditus
1317 2049 1546 2113 sapientia
1570 2050 1684 2113 quid
1717 2050 1842 2098 enim
1874 2051 2144 2115 sapientius,
2170 2053 2361 2108 rectius,

416 2125 489 2172 vel
513 2125 681 2174 melius
706 2126 774 2174 est
796 2126 975 2174 homini
1000 2127 1047 2174 in
1082 2127 1173 2175 hac
1197 2128 1293 2175 vita
1317 2144 1463 2192 quam
1487 2136 1750 2177 creatorem
1782 2130 1915 2176 suum
1947 2130 2111 2178 intimo
2138 2148 2196 2179 ex
2221 2122 2361 2179 corde

416 2203 589 2252 cotidie
614 2205 826 2270 diligere,
852 2206 1081 2261 venerari,
1107 2214 1155 2254 et
1174 2206 1401 2255 adorare?
1445 2207 1590 2263 Quod
1606 2224 1702 2255 non
1721 2208 1886 2256 dubito
1911 2209 2154 2258 Simonem
2178 2211 2360 2267 feciffe;

415 2291 463 2331 et
488 2284 597 2332 ideo
620 2285 763 2333 finem
794 2286 976 2334 faciens
1005 2285 1147 2351 hujus
1170 2286 1399 2342 miraculi,
1432 2303 1632 2352 propero
1658 2287 1720 2335 ad
1745 2287 1872 2335 aliud
1901 2289 2180 2337 miraculum
2205 2291 2360 2339 decla-

416 2363 616 2411 randum
639 2365 769 2428 quod
793 2365 1092 2429 omnipotens
1126 2365 1261 2413 Deus
1289 2366 1403 2413 fecit
1434 2383 1519 2430 pro
1550 2366 1758 2414 Simone.
1835 2367 1985 2432 Cujus
2013 2385 2181 2417 manus
2209 2371 2358 2418 multo

416 2441 672 2490 sanetiores
696 2450 803 2490 sunt
829 2450 939 2490 ante
960 2443 1119 2490 Deum
1144 2444 1362 2493 manibus
1386 2444 1620 2509 Scipionis
1645 2463 1674 2493 a
1698 2445 1883 2494 Seneca
1909 2447 2130 2502 adoratis,
2148 2456 2200 2495 ut
2223 2457 2356 2512 patet

416 2519 534 2567 libro
559 2520 639 2585 xij.
702 2521 780 2569 De
805 2521 1057 2569 duodecim
1081 2522 1323 2586 gradibus,
1349 2523 1557 2588 capitulo
1582 2524 1762 2579 ultimo,
1789 2525 1849 2572 ab
1875 2525 1971 2589 ipso
2003 2526 2188 2574 Seneca
2212 2528 2355 2576 edito.

481 2599 628 2648 Juxta
658 2599 899 2664 quoddam
923 2600 1151 2665 oppidum
1174 2601 1221 2649 in
1255 2600 1598 2650 Northumbria
1630 2610 1700 2651 est
1732 2603 1899 2652 domus
1935 2606 2148 2668 preclara
2179 2607 2225 2653 in
2259 2624 2353 2672 qua

415 2678 596 2743 degunt
631 2679 845 2727 canonici
883 2679 1320 2729 Premonstratenfls
1335 2679 1351 2710 f
1387 2681 1576 2736 ordinis,
1615 2681 1724 2730 Deo
1761 2684 2026 2732 servientes.
2052 2699 2055 2701 ·
2110 2685 2190 2733 Ad
2231 2686 2354 2740 hanc

415 2756 608 2805 domum
643 2757 829 2806 delatus
863 2758 931 2805 est
966 2774 1052 2823 pes
1091 2758 1314 2815 Simonis,
1354 2775 1438 2824 per
1473 2761 1623 2808 virum
1653 2761 1804 2810 felicis
1834 2764 2075 2819 memorie,
2109 2765 2352 2814 dominum

413 2835 682 2884 Johannem
707 2837 766 2884 de
802 2836 993 2900 Wescy,
1026 2837 1268 2886 dominum
1292 2837 1429 2903 burgi
1454 2839 1513 2887 de
1540 2839 1802 2896 Alnewike,
1832 2842 2162 2891 fundatorem&
2189 2852 2236 2892 et
2270 2862 2351 2910 pa-

411 2924 599 2964 tronum
624 2916 791 2964 domus
822 2916 1157 2965 canonicorum
1181 2930 1301 2981 quos
1328 2917 1524 2982 predixi,
1557 2935 1653 2982 quo
1677 2935 1785 2966 cum
1809 2921 2125 2984 permanfifl'et
2153 2940 2236 2987 per
2269 2924 2350 2972 ali·
2395 2921 2402 2927 ’

412 3002 528 3059 quot
551 2996 734 3043 menses
757 2995 949 3043 omnino
972 2995 1268 3060 incorruptus
1291 2996 1508 3044 inventus
1533 2997 1615 3044 est.
1679 2997 1819 3046 Unde
1837 3007 2028 3064 propter
2053 3000 2349 3058 durationem

411 3081 543 3123 tante
566 3074 925 3139 incorruptionis
949 3075 997 3122 in
1020 3074 1143 3140 pede
1167 3075 1318 3124 saneti
1341 3075 1544 3124 hominis
1567 3076 1734 3124 merito
1759 3078 1965 3134 invente,
1992 3081 2206 3129 canonici
2231 3082 2349 3147 ejus-

470 3187 484 3207 ἲ
511 3184 579 3223 See
598 3188 764 3223 Tanner’s
780 3189 925 3230 Notitia,
948 3187 1160 3224 Northumb.
1183 3191 1214 3224 1.
1388 3189 1405 3211 ⁸
1432 3189 1486 3236 By
1501 3189 1563 3225 the
1580 3190 1678 3225 word
1681 3192 1911 3237 fhndatorem,
1931 3194 1958 3229 it
1974 3201 2068 3230 must
2084 3201 2148 3231 not
2163 3196 2208 3231 be
2220 3188 2351 3243 finder-

407 3242 521 3284 stood-
534 3243 618 3280 that*
637 3243 701 3279 the
717 3245 829 3290 abbey
846 3243 888 3279 os
901 3243 1063 3280 Alnwick
1079 3256 1152 3279 was
1167 3243 1324 3280 founded
1346 3246 1393 3291 by
1409 3245 1479 3281 this
1496 3245 1592 3282 John
1609 3246 1653 3282 de
1671 3247 1795 3294 Vescy,
1816 3248 1898 3283 who
1915 3261 1987 3284 was
2005 3256 2251 3300 cotemporary
2263 3254 2349 3289 with

411 3297 530 3334 Simon
546 3299 590 3334 de
610 3299 788 3341 Monfort;
811 3300 866 3335 sor
881 3300 943 3335 the
960 3306 1103 3347 present
1123 3300 1319 3343 Chronicle,
1339 3312 1375 3347 p.
1395 3303 1452 3343 73,
1473 3313 1551 3348 says
1567 3302 1629 3338 the
1647 3303 1759 3338 house
1777 3315 1847 3339 was
1865 3304 2020 3341 founded
2035 3307 2071 3341 in
2088 3310 2190 3346 1147.
