2904 3886
167 2161 226 2196 fol.
247 2162 304 2199 57.

389 502 523 551 A.D.
556 505 696 550 1255.
869 500 1309 551 CHRONICA‘
1342 501 1442 551 DE
1467 499 1877 550 ⁴MA-ILROS.
2240 507 2324 550 181

385 660 443 691 ex
468 645 616 693 altera
640 652 774 710 parte
799 652 954 701 erant,
975 645 1156 704 armati,
1171 643 1430 693 Castellum
1457 642 1741 694 Puellarum·
1757 645 1985 694 intrantes
2013 652 2061 693 et
2093 651 2327 710 quotquot

384 735 443 766 ex
467 719 593 785 regis
610 719 792 768 familia
820 726 954 768 erant
979 718 1293 785 e[j]icientes,
1317 719 1468 784 ipsum
1491 719 1734 768 dominum
1758 720 1890 768 suum
1915 736 2077 785 regem
2103 726 2329 784 ceperunt

384 806 432 846 et
457 815 516 846 ex
539 799 632 848 suis
656 799 863 861 armatis·
883 798 1126 848 castellum
1157 799 1442 855 munierunt,
1466 799 1749 848 mandantes
1784 799 1953 848 ceteris
1987 798 2248 848 suis'sociis
2277 806 2328 845 ut

385 878 453 926 eis
490 878 539 926 in
579 878 904 927 auxiliumad
935 878 1804 944 dediicendumjreg'em*quo'vellent
1839 886 2162 944 propararent,
2199 867 2327 943 quod

382 958 715 1022 promptissime
739 959 969 1007 fecerunt.
1021 957 1294 1014 Advenerat
1319 958 1445 1005 enim
1469 957 1537 1006 eis
1560 958 1607 1005 in
1633 958 1859 1006 auxilium
1885 958 1943 1007 de
1966 958 2144 1024 Anglia
2168 973 2327 1006 comes

387 1037 758 1087 Claudiocestrie
782 1037 936 1086 dictus
955 1037 1041 1086 V.¹¹
1065 1037 1125 1085 de
1153 1036 1422 1102 Clara,{per
1445 1037 1580 1102 cujus
1604 1036 1844 1085 confilium
1878 1038 2156 1102 praedictam
2174 1037 2328 1102 prodi-

381 1116 560 1165 tionem
583 1123 969 1182 perpetraverant
993 1133 1102 1164 cum
1127 1123 1309 1164 armata
1332 1132 1499 1171 manu;
1535 1115 1616 1164 sed
1642 1123 1689 1164 et
1721 1133 1802 1164 rex
1829 1116 2006 1181 Anglie
2031 1134 2139 1164 eum
2162 1119 2326 1181 seque-

382 1196 520 1243 batur
544 1213 652 1244 cum
676 1197 759 1244 sua
791 1195 1046 1261 conjuge.W
1119 1195 1339 1260 Cumque
1376 1193 1620 1243 consiliarii
1655 1202 1702 1243 et
1730 1203 1910 1244 tutores
1943 1196 2068 1261 regis
2099 1196 2327 1244 audiffent

381 1291 544 1340 regem
570 1269 778 1340 captum,
803 1275 1072 1324 vehementi
1098 1274 1260 1323 dolore
1293 1274 1453 1323 affecti
1479 1281 1527 1323 et
1559 1274 1618 1323 de
1643 1282 1777 1323 tanta
1805 1275 2070 1340 proditione
2095 1276 2326 1330 admirati,

379 1355 640 1404 statuerunt
665 1355 924 1404 exercitum
949 1355 1160 1403 adunare
1185 1362 1233 1402 et
1258 1355 1301 1402 ei
1326 1355 1592 1403 succursum
1616 1354 1849 1420 praebere;
1886 1355 2015 1420 quod
2041 1355 2327 1403 adversarios

380 1451 543 1483 eorum
568 1435 762 1483 minime
786 1435 939 1483 latuit.
1014 1434 1079 1483 Et
1103 1433 1202 1483 idio
1227 1451 1391 1500 regem
1416 1451 1524 1483 cum
1559 1451 1704 1482 manu
1729 1435 1885 1483 valida
1910 1436 2055 1500 usque
2082 1436 2142 1483 ad
2170 1434 2326 1483 Roke-

380 1514 528 1562 burch
554 1514 867 1570 deduxerunt,
894 1522 942 1563 et
967 1514 1210 1562 castellum
1246 1514 1540 1563 introeuntes
1566 1531 1624 1562 ex
1648 1515 1740 1563 suis
1771 1514 2032 1577 statuerunt
2058 1516 2138 1579 qui
2163 1515 2224 1562 ad
2248 1532 2326 1562 vo-

379 1594 610 1642 luntatem
635 1611 798 1642 eorum
823 1594 933 1642 illuc
957 1594 1258 1642 custodirent.
1310 1593 1400 1659 Ipfi
1423 1610 1533 1642 vero
1553 1593 1750 1642 affumto
1775 1611 1888 1660 rege
1913 1603 1960 1642 et
1979 1595 2144 1660 regina
2169 1595 2326 1642 secum

382 1674 690 1722 obviaverunt
714 1675 816 1740 regi
838 1674 1016 1740 Anglie
1041 1674 1168 1740 apud
1197 1674 1446 1729 Werche,x
1463 1682 1510 1722 et
1533 1674 1773 1722 locutione
1791 1674 2135 1739 aliquantulum
2152 1675 2324 1721 amica-

380 1753 533 1802 biliter
557 1754 860 1819 praegustata,
890 1771 971 1802 rex
1004 1754 1198 1819 quidem
1228 1753 1397 1802 Scocie
1423 1754 1592 1802 eadem
1622 1754 1894 1818 repatriavit
1923 1754 2015 1808 die,
2045 1753 2124 1801 sed
2160 1754 2325 1818 regina

380 1834 482 1898 ejus
507 1833 684 1882 ibidem
708 1833 928 1882 remansit
953 1850 1060 1882 cum
1084 1842 1235 1882 matre
1260 1834 1357 1882 sua.
1429 1832 1561 1881 Nam
1585 1851 1666 1881 rex
1687 1833 1864 1898 Anglie
1890 1851 1918 1880 a
1942 1849 2054 1898 rege
2085 1832 2253 1881 Scocie
2278 1841 2324 1881 et

378 1913 481 1977 ejus
500 1912 770 1962 consiliariis
795 1913 1018 1962 invitatus
1039 1912 1327 1961 Rokeb‘urch
1352 1913 1399 1960 in
1419 1913 1495 1961 die
1516 1912 1804 1961 assumtionis
1823 1913 1963 1961 beate
1985 1912 2140 1961 Marie
2168 1912 2321 1977 [Aug.

384 1992 464 2056 15]
501 1993 705 2048 intravit,
731 1993 807 2041 cui
833 2009 1083 2041 occurrens
1106 2009 1188 2041 rex
1218 1993 1378 2041 Scotie
1412 2009 1522 2040 eum
1547 2009 1654 2040 cum
1679 1993 1861 2058 ingenti
1896 1992 2074 2058 gaudio
2109 1993 2323 2056 suscepit,

377 2080 425 2119 et
450 2088 558 2119 cum
582 2089 758 2137 magna
790 2071 1076 2137 processione
1102 2073 1149 2120 in
1174 2071 1371 2121 ecclesia
1395 2072 1454 2119 de
1483 2072 1702 2120 Kalchou
1738 2072 2013 2126 introduxit,
2045 2071 2125 2118 ubi
2160 2071 2324 2119 habita

375 2152 616 2200 locutione
648 2152 999 2200 commendavit
1034 2168 1198 2218 regem
1236 2159 1284 2200 et
1319 2152 1564 2217 regionem
1601 2152 1761 2200 comiti
1801 2151 1859 2199 de
1894 2151 2099 2199 Dunbar
2137 2162 2184 2199 et
2222 2152 2323 2215 ejus

379 2231 702 2297 complicibus,
732 2239 780 2280 et
803 2231 865 2280 fic
899 2231 1003 2298 post
1037 2231 1349 2280 refectionem
1378 2231 1590 2297 regalem
1626 2231 1910 2296 repatriavit,
1943 2230 2136 2279 moleste
2168 2232 2323 2279 ferens

379 2310 508 2375 quod
532 2312 780 2376 episcopus
803 2310 1123 2378 Glasguenfis,
1149 2319 1197 2360 et
1221 2311 1405 2360 electus
1429 2312 1579 2360 sancti
1607 2310 1817 2366 Andree,
1843 2311 1923 2359 sed
1948 2318 1994 2359 et
2020 2310 2081 2358 V.
2113 2310 2323 2365 Cumin,y

380 2390 536 2438 dictus
561 2407 719 2439 comes
744 2391 804 2439 de
830 2390 1100 2446 Maneteth,
1136 2407 1245 2439 cum
1277 2391 1446 2440 ceteris
1477 2390 1781 2456 magnatibus
1805 2398 1942 2445 terre,
1967 2390 2216 2437 noluerunt
2241 2407 2322 2454 ap-

379 2486 555 2534 ponere
590 2468 741 2535 figilla
778 2470 861 2518 sua
893 2469 955 2518 ad
991 2469 1234 2535 quoddam
1270 2469 1649 2519 nefandissimum
1687 2470 1907 2535 scriptum
1943 2469 2071 2533 quod
2106 2469 2319 2532 praedicti

381 2549 720 2614 conspiratores
744 2550 957 2598 fecerant
981 2556 1029 2598 et
1052 2548 1212 2615 figillis
1235 2549 1328 2598 suis
1351 2549 1634 2604 munierant,
1660 2550 1706 2596 in
1732 2565 1827 2614 quo
1851 2548 1999 2596 multa
2026 2547 2086 2595 ad
2112 2547 2319 2596 dedecus

378 2629 504 2694 regis
529 2636 577 2677 et
601 2629 735 2694 regni
760 2629 1006 2694 provenire
1030 2636 1265 2694 poterant,
1291 2628 1667 2677 continebantur.

444 2707 631 2756 Eodem
656 2725 796 2763 anno,
815 2708 863 2756 in
889 2708 965 2756 die
989 2708 1139 2757 sancti
1169 2707 1399 2773 Stephani
1429 2708 1573 2773 [Dec.
1592 2707 1697 2772 26],
1723 2725 1818 2773 que
1841 2715 1953 2755 tunc
1978 2707 2214 2755 dominica
2237 2706 2318 2754 ha—

376 2787 592 2843 bebatur,
618 2787 840 2853 magister
867 2787 1150 2836 Gamelinus
1174 2787 1222 2835 in
1247 2788 1518 2853 episcopum
1542 2787 1692 2835 sancti
1719 2786 1912 2835 Andree
1945 2787 1992 2834 in
2016 2786 2125 2834 sede
2149 2787 2231 2834 sua
2256 2786 2317 2834 ab

381 2867 625 2916 Willelmo
662 2867 883 2933 episcopo
924 2866 1206 2933 Glasguenfi
1240 2867 1553 2922 consecratur,
1588 2867 1700 2914 licet
1736 2866 1982 2915 consiliarii
2018 2866 2143 2931 regis
2178 2865 2317 2914 miffis

376 2947 560 2996 nunciis
595 2946 912 3012 prohiberent.
988 2945 1302 2995 Consecratus
1337 2946 1405 2994 est
1440 2946 1583 2995 etiam
1619 2945 1836 2994 dominus
1862 2944 2098 2994 Henricus
2134 2945 2316 2994 elefitus

422 3122 439 3138 ²³
462 3122 557 3159 Such
574 3134 720 3169 appears
737 3129 775 3158 to
791 3124 836 3158 be
852 3122 914 3158 the
930 3122 1072 3169 reading
1095 3122 1137 3158 of
1155 3122 1217 3157 the
1234 3123 1458 3168 manuscript,
1478 3123 1542 3158 but
1552 3121 1613 3157 the
1630 3133 1733 3157 name
1746 3121 1788 3156 of
1797 3121 1860 3157 the
1876 3122 1948 3158 ear-l
1964 3121 2006 3157 of
2019 3122 2228 3157 Gloucester
2245 3133 2316 3156 was

373 3178 537 3214 Richard.
589 3179 708 3226 Dugd.
727 3179 856 3227 Bar-on,
876 3178 899 3213 i.
927 3180 1015 3218 2123
1042 3190 1101 3213 see
1126 3178 1201 3213 also
1227 3179 1323 3213 Foed.
1342 3178 1365 3212 i.
1393 3180 1474 3212 325.
1535 3178 1717 3225 Wyntown.
1744 3177 1766 3212 i.
1784 3180 1863 3218 384,
1883 3177 1912 3212 15
1930 3184 2062 3213 correct
2086 3177 2122 3212 in
2138 3177 2221 3212 thus
2238 3188 2316 3223 par-

370 3234 504 3270 ficular.
560 3227 564 3230 ’
675 3233 698 3248 '
717 3235 813 3270 Foed.
832 3234 855 3269 i.
876 3234 964 3274 327;
985 3234 1043 3269 M.
1066 3234 1178 3275 Paris,
1199 3245 1259 3280 pp.
1280 3235 1361 3275 609,
1382 3235 1464 3274 610,
1485 3235 1566 3268 611.
1713 3232 1729 3247 ¹
1750 3234 1845 3268 Faed.
1864 3233 1887 3268 i.
1905 3234 1985 3271 327.
2143 3231 2160 3252 ⁷
2180 3232 2316 3267 Walter

376 3284 512 3332 Cuffiin,
524 3290 624 3332 who,
647 3289 787 3337 in‘right
804 3289 845 3326 of
856 3290 910 3326 his
927 3289 1109 3331 wife‚'was
1127 3289 1197 3326 earl
1215 3289 1256 3325 of
1271 3289 1446 3326 Menteth.
1474 3290 1641 3336 Douglas‚
1660 3289 1695 3324 ii.
1715 3291 1801 3330 223;
1829 3300 1888 3324 see
1905 3289 1978 3324 also
1998 3288 2202 3330 Fordumii.
2223 3290 2280 3322 90.
