2852 3874
532 505 594 548 84
992 478 1413 548 cHRoNI'CA
1457 494 1558 544 DE
1605 492 1988 544 MAILRos.
2140 493 2274 544 As).
2315 497 2456 549 1171.

535 644 849 697 detruncatur,
874 640 1006 704 cujus
1029 638 1265 703 sanguinis
1283 635 1517 684 effufionis
1541 635 1759 700 injuriam
1782 634 1998 683 omnibus
2014 635 2188 700 linguis
2210 635 2462 700 inexplica-

537 722 676 770 bilem
700 721 746 768 in
765 734 927 768 carnes
950 717 1196 783 impiorum
1220 714 1427 780 inprimis
1451 714 1531 778 qui
1556 730 1675 778 opus
1699 712 2048 761 abhominabile
2062 719 2463 778 perpetraverunt,

536 788 819 864 praeceptum
842 797 1116 850 statuerunt,
1149 793 1387 843 confilium
1411 791 1885 848 subministraverunt,
1911 791 2139 841 affensum
2162 791 2464 858 prebuerunt,

536 878 723 925 demum
747 877 793 924 in
812 876 955 923 duces
979 882 1027 922 et
1050 872 1279 938 sequellas
1303 889 1465 920 omnes
1490 870 1743 920 affistentes
1767 871 1848 936 qui
1871 871 2012 937 hujus
2034 871 2219 920 sceleris
2241 871 2466 920 scelerum

535 956 747 1003 notitiam
772 962 912 1003 antea
933 953 1214 1008 habuerunt,
1238 951 1442 1000 vindicet
1470 967 1614 1016 quam
1636 951 1807 999 totius⁰
1843 950 2036 999 Domini
2071 949 2259 1015 gladius
2293 958 2341 999 et
2363 950 2466 999 red-

537 1035 655 1082 ditor
680 1033 929 1082 altiffimus.

605 1113 737 1162 Obiit
762 1112 1024 1161 Nicholaus
1047 1111 1354 1160 cancellarius
1376 1110 1501 1175 regis
1530 1110 1795 1158 Scotorum.

607 1191 738 1240 Obiit
767 1191 991 1239 Conanus
1019 1190 1113 1237 dux
1140 1189 1382 1237 Britannie
1407 1197 1454 1237 et
1479 1206 1636 1238 comes
1672 1189 1731 1237 de
1757 1187 2078 1237 Richemunt.f

609 1270 740 1319 Obiit
767 1270 966 1318 Ferchet
991 1286 1148 1317 comes
1172 1268 1231 1316 de
1262 1268 1520 1316 Strathern.

608 1349 744 1397 Mare
769 1349 912 1396 visum
937 1348 1003 1396 est
1027 1365 1055 1395 a
1077 1347 1234 1395 multis
1258 1347 1421 1395 ardere
1445 1348 1491 1394 in
1519 1346 1710 1412 Anglia.

611 1428 841 1476 Radulsus
864 1426 1121 1475 monachus
1145 1426 1204 1473 de
1231 1426 1441 1490 Meylros
1465 1426 1591 1490 apud
1620 1425 1831 1490 Cuprum
1855 1426 1902 1473 in
1926 1433 2106 1490 patrem
2131 1426 2334 1491 eligitur,
2371 1435 2418 1474 et
2443 1444 2470 1474 a

547 1507 747 1555 Ricardo
783 1507 999 1570 episcopo
1035 1505 1182 1553 sancti
1210 1503 1417 1559 Andree,
1450 1505 1496 1551 in
1521 1504 1844 1568 purificatione
1876 1503 2017 1551 beate
2043 1503 2198 1552 Marie
2231 1504 2372 1569 [Feb.
2398 1505 2470 1569 2],

547 1585 672 1649 apud
701 1584 1017 1649 Coldingham
1041 1584 1087 1630 in
1113 1582 1335 1630 abbatem
1360 1582 1667 1630 benedicitur,

616 1664 892 1728 Sepulcrum
916 1662 979 1726 pii
1004 1662 1147 1726 patris
1171 1661 1310 1708 nostri
1335 1661 1526 1725 dompni
1555 1660 1762 1708 Walleui
1801 1660 1985 1710 abbatis
2025 1660 2214 1710 secundi
2252 1662 2312 1710 de
2352 1662 2472 1711 Mel·

545 1742 666 1797 ros‚*
693 1759 720 1789 a
738 1742 860 1789 bone
878 1740 1100 1789 memorie
1124 1740 1373 1804 Ingeramo
1395 1739 1673 1804 Glasguenfi
1689 1740 1922 1804 episcopo,
1947 1747 1995 1787 et
2013 1740 2130 1805 iiij0‘.
2149 1740 2399 1790 abbatibus
2414 1742 2475 1790 ad

547 1822 635 1869 hoc
659 1821 851 1876 vocatis,
876 1821 1128 1867 reseratum
1144 1819 1226 1874 est,
1253 1827 1299 1866 et
1315 1835 1484 1883 corpus
1500 1819 1601 1883 ejus
1625 1819 1860 1884 integrum
1875 1820 2115 1867 inventum
2136 1827 2184 1868 et
2201 1821 2475 1869 vestimenta

547 1901 740 1955 intaeta,
766 1916 888 1947 anno
912 1899 997 1963 xij⁰
1033 1899 1187 1946 obitus
1211 1898 1293 1952 sui,
1319 1899 1382 1961 xj.
1408 1897 1635 1946 kalendas
1660 1898 1787 1945 Junii
1818 1897 1950 1962 [Jun.
1977 1898 2082 1962 22].
2135 1898 2198 1946 Et
2222 1899 2324 1963 post
2348 1900 2477 1947 sacra

547 1979 778 2027 missarum
803 1978 1057 2042 solempnia
1080 1976 1206 2024 idem
1231 1976 1421 2024 antistes
1440 1984 1487 2023 et
1512 1976 1725 2031 abbateS,
1751 1993 1870 2040 quos
1884 1978 2342 2040 praenumeravimus,
2369 1995 2475 2026 cum

549 2057 685 2122 ipsius
702 2056 966 2104 monasterii
986 2056 1195 2102 universo
1215 2062 1463 2110 conventu,
1480 2056 1615 2119 super
1631 2055 1775 2119 ipsam
1786 2055 2048 2103 sanstiffimi
2065 2057 2270 2120 corporis
2285 2057 2476 2122 glebam

550 2136 798 2199 posuerunt
820 2134 1025 2198 lapidem
1048 2151 1235 2188 novum,
1260 2133 1307 2180 id
1343 2134 1425 2188 est,
1459 2150 1661 2181 marmor
1694 2134 1919 2198 politum;
1956 2142 2003 2181 et
2043 2135 2174 2182 fafita
2214 2135 2282 2182 est
2320 2136 2477 2183 leticia

551 2230 739 2279 magna,
765 2212 1162 2261 conclamantibus
1187 2212 1266 2276 qui
1292 2212 1486 2259 aderant
1511 2220 1558 2260 et
1583 2212 1860 2267 dicentibus,
1885 2229 1993 2260 vere
2017 2212 2093 2261 hic
2116 2213 2258 2261 homo
2278 2215 2377 2262 Dei
2393 2215 2475 2262 est.

621 2293 705 2339 Pie
729 2292 952 2339 memorie
988 2291 1218 2355 dompnus
1246 2291 1463 2346 Poncius,
1484 2291 1631 2343 abbas
1664 2291 1957 2346 Clareuallis,
1982 2292 2028 2339 in
2060 2293 2328 2357 episcopum
2351 2293 2478 2341 Clari

555 2371 732 2419 Montis
757 2371 941 2435 eligitur
966 2378 1013 2417 et
1037 2370 1210 2417 ibidem
1235 2369 1388 2433 pastor
1407 2370 1668 2433 praeficitur,
1685 2369 1930 2418 transsatus
1955 2378 2002 2418 et
2027 2370 2249 2419 assumtus
2274 2372 2333 2420 de
2358 2373 2479 2420 valle

553 2451 598 2497 in
622 2457 844 2504 montem,
870 2449 929 2496 de
958 2448 1099 2496 Clara
1123 2449 1242 2496 valle
1267 2448 1313 2495 in
1343 2447 1535 2495 Clarum
1559 2456 1783 2503 montem,
1810 2448 1868 2496 de
1894 2449 2105 2497 claritate
2130 2450 2176 2496 in
2202 2450 2477 2506 claritatem,

555 2538 780 2593 tanquam
806 2545 833 2575 a
860 2527 1052 2575 Domini
1083 2527 1274 2591 Spiritu.

625 2607 786 2655 Simon
812 2606 870 2654 de
890 2606 1059 2661 Tonei,
1097 2606 1355 2654 monachus
1379 2607 1438 2654 de
1465 2607 1660 2662 Melros,
1690 2607 1801 2655 olim
1826 2607 1974 2656 abbas
2011 2608 2070 2655 de
2103 2607 2411 2672 Kogeshala,⁸
2434 2610 2480 2656 in

555 2686 820 2750 episcopum
848 2685 1066 2732 Mureuie
1091 2685 1271 2732 electus
1296 2685 1362 2733 est
1386 2694 1433 2734 et
1457 2686 1707 2734 addufitus.

626 2764 859 2812 Henricus
895 2781 976 2812 rex
1015 2763 1207 2828 Anglie,
1245 2781 1351 2811 cum
1391 2780 1535 2812 manu
1572 2765 1727 2812 valida
1763 2773 1810 2813 et
1850 2765 2015 2813 robore
2055 2782 2248 2831 magno,
2273 2766 2483 2814 visitandi

557 2843 723 2907 gratia,
748 2843 794 2890 in
822 2842 1165 2906 Hyberniamssss
1186 2851 1326 2890 vento
1351 2850 1398 2890 et
1422 2843 1525 2891 velo
1550 2843 1848 2908 transpositus
1872 2852 1919 2892 et
1942 2845 2278 2909 transportatus
2301 2845 2383 2893 est.

620 2921 897 2969 AEdwardus
921 2921 1163 2986 episcopus
1188 2921 1247 2968 de
1274 2921 1497 2970 Aberden
1521 2922 1651 2970 obiit.

560 3041 765 3086 martyrdom
783 3041 824 3075 of
836 3041 968 3076 Becket
983 3042 1012 3076 is
1028 3042 1129 3086 given
1145 3042 1191 3087 by
1201 3042 1359 3081 Ger-vase,
1378 3042 1456 3076 coll.
1479 3043 1645 3080 1414-17.
1699 3042 1731 3077 It
1756 3043 1784 3077 is
1802 3043 1952 3088 singular
1975 3042 2054 3077 that
2077 3042 2139 3077 the
2155 3048 2248 3077 most
2271 3042 2409 3077 curious
2426 3054 2483 3078 ac-

561 3102 667 3130 count
683 3095 723 3129 os
733 3096 793 3130 the
809 3096 866 3130 life
883 3096 951 3131 and
967 3096 1104 3131 murder
1121 3096 1162 3130 of
1175 3096 1317 3136 Becket,
1338 3097 1474 3131 written
1491 3098 1538 3143 by
1554 3109 1622 3132 one
1639 3097 1721 3131 who
1738 3104 1846 3132 states
1863 3098 1941 3132 that
1954 3097 2000 3132 he
2012 3109 2084 3132 was
2100 3103 2241 3142 present
2251 3103 2288 3131 at
2295 3096 2349 3131 his
2362 3097 2480 3139 death,

565 3150 633 3184 and
648 3150 820 3184 wounded
835 3151 870 3184 in
887 3151 1091 3196 attempting
1106 3158 1144 3185 to
1169 3163 1252 3186 save
1269 3151 1352 3190 him,
1371 3151 1499 3186 should
1514 3153 1559 3186 be
1575 3152 1646 3187 still
1669 3152 1868 3198 unprinted.
1922 3151 2002 3186 The
2027 3151 2110 3197 only
2125 3151 2337 3201 manuscript
2353 3151 2483 3187 known

565 3204 640 3238 isin
658 3203 719 3238 the
738 3204 893 3239 Arundel
911 3206 1104 3246 collection,
1123 3206 1229 3251 lately
1239 3206 1352 3240 added
1368 3212 1406 3241 to
1422 3206 1484 3242 the
1503 3206 1632 3241 British
1653 3206 1828 3242 Museum.
1874 3206 1992 3241 There
2007 3206 2036 3241 is
2047 3217 2153 3251 every
2163 3217 2287 3240 reason
2300 3212 2339 3241 to
2348 3207 2483 3242 believe

567 3259 646 3293 that
658 3258 719 3293 the
736 3259 849 3294 writer
865 3271 935 3294 was
952 3260 1013 3294 the
1030 3260 1254 3297 well-known
1272 3261 1438 3295 Edmund
1457 3261 1586 3301 Grime,
1606 3261 1668 3296 the
1684 3261 1796 3296 friend
1812 3261 1855 3296 of
1867 3261 2010 3296 Beeket.
2201 3260 2217 3276 ⁶
2239 3260 2458 3301 Quantocius
2469 3262 2487 3296 Ρ

565 3313 578 3333 ¹
599 3313 656 3348 He
672 3312 742 3348 had
757 3314 901 3348 married
921 3314 1101 3359 Margaret,
1120 3314 1182 3349 the
1198 3315 1298 3349 sister
1313 3314 1356 3350 of
1365 3315 1446 3360 king
1465 3315 1628 3356 william,
1647 3315 1683 3350 in
1704 3318 1806 3351 1160.
1949 3315 1966 3336 ⁸
1987 3315 2183 3361 According
2194 3322 2232 3350 to
2248 3315 2310 3351 the
2319 3318 2489 3352 σιωπὴ-ὼ

565 3370 608 3415 qs
623 3368 796 3414 Cogeelnale
819 3368 854 3402 in
878 3368 939 3402 the
964 3370 1136 3403 Cononem
1152 3369 1251 3409 MS..
1280 3369 1386 3415 Vesp.
1414 3369 1498 3404 D.x.
1528 3369 1647 3404 Simon
1671 3370 1716 3405 de
1743 3370 1869 3415 Toney
1884 3369 2049 3406 returned
2071 3375 2111 3405 to
2142 3370 2294 3406 Melrose
2317 3371 2355 3406 in
2382 3374 2483 3413 1168,

566 3423 627 3459 fol.
651 3425 710 3461 47.
761 3422 796 3443 ⁸⁸
815 3423 943 3457 Hoved.
962 3422 1021 3458 sol.
1040 3424 1121 3457 301.
1171 3428 1188 3442 ¹·
1204 3423 1261 3458 On
1277 3422 1340 3458 the
1356 3423 1485 3468 margin
1501 3423 1601 3459 there
1617 3424 1646 3459 is
1663 3423 1813 3465 written,
1832 3424 1867 3459 in
1884 3423 1946 3459 red
1960 3423 2092 3465 letters,
2115 3430 2139 3445 “
2160 3425 2426 3461 Memorandum
2442 3427 2487 3462 de

566 3477 788 3513 translatione
805 3477 1007 3513 venerabilis
1026 3477 1177 3513 Walleui
1193 3477 1326 3513 abbatis
1342 3477 1386 3513 de
1406 3477 1571 3513 Melros.”
