2904 3886
596 486 687 538 170
1055 479 1480 532 CHRONICA
1522 479 1624 528 DE
1674 477 2057 530 MAILROS.
2211 480 2347 532 A.D.
2377 485 2521 533 1245.

593 617 880 666 venientium
915 616 1158 680 capcione,
1194 616 1351 665 claves
1385 613 1580 664 ecclefie
1614 615 1912 665 contemserit
1945 623 1995 666 et
2027 623 2317 674 contemnat,
2348 619 2530 673 faciens

592 696 675 746 fibi
711 695 953 750 celebrari,
985 695 1060 743 vel
1094 702 1325 759 quantum
1360 694 1408 742 in
1443 711 1502 743 eo
1537 693 1621 750 est,
1656 694 1814 760 potius
1847 695 2086 760 profanari
2121 695 2303 753 divina3
2337 704 2387 747 et
2420 713 2531 749 con-

593 775 766 824 stanter
801 773 1139 828 asseveraverit,
1168 781 1221 822 ut
1254 774 1465 839 superius
1495 773 1564 823 est
1597 781 1854 830 narratum,
1889 774 1938 824 se
1967 775 2153 840 praesati
2180 774 2244 824 G.
2277 776 2532 826 sententias

593 871 687 902 non
728 854 890 902 vereri.
977 853 1230 908 Praeterea,
1271 852 1554 918 conjunctus
1594 852 1662 902 est
1703 853 1912 903 amicitia
1951 853 2215 907 detestabili
2259 854 2534 910 Saracenis;

593 933 789 981 nuncios
813 940 861 981 et
884 949 1081 981 munera
1104 932 1279 997 pluries
1303 932 1551 981 destinavit
1574 931 1766 988 eisdem,
1791 940 1839 982 et
1863 932 1925 982 ab
1949 933 2018 983 eis
2039 932 2231 982 vicissim
2255 950 2363 983 cum
2385 934 2532 983 hono·
2576 939 2583 943 ’

594 1012 821 1061 rificentia
844 1019 892 1060 et
915 1011 1129 1060 claritate
1153 1012 1347 1076 recepit,
1367 1028 1627 1077 eorumque
1651 1012 1767 1061 ritus
1791 1012 2108 1077 amplesffitur,
2127 1013 2323 1078 illosque
2347 1013 2395 1062 in
2418 1030 2534 1078 quo—

594 1091 782 1140 tidianis
822 1091 1059 1156 obsequiis
1095 1091 1254 1140 secum
1290 1098 1473 1146 tenens,
1512 1091 1771 1140 eorundem
1809 1091 1954 1140 etiam
1990 1108 2122 1142 more
2158 1092 2382 1141 uxoribus
2417 1109 2537 1158 quas

592 1170 758 1219 habuit
782 1170 841 1218 de
864 1170 1004 1235 stirpe
1027 1170 1162 1235 regia
1185 1169 1594 1226 descendentibus,
1614 1170 1872 1227 eunuchos,
1891 1172 2129 1236 praecipue
2146 1187 2266 1236 quos
2290 1179 2342 1221 ut
2366 1171 2535 1220 dicitur

595 1251 711 1299 serio
736 1249 924 1298 castrari
947 1251 1143 1305 fecerat,
1161 1266 1256 1297 non
1275 1249 1462 1298 erubuit
1480 1249 1710 1314 deputare
1728 1249 1967 1306 custodes;
1999 1258 2048 1299 et
2071 1250 2202 1316 quod
2225 1250 2536 1300 execrabilius

596 1329 678 1385 est,
714 1330 761 1377 in
796 1329 1007 1394 partibus
1039 1328 1239 1378 existens
1274 1329 1387 1377 olim
1419 1329 1753 1384 transmarinis,
1787 1329 1921 1378 facta
1955 1329 2292 1395 compositione
2327 1330 2536 1394 quadam

596 1410 740 1457 immo
781 1409 945 1473 pocius
986 1407 1253 1463 collufione,
1295 1424 1403 1456 curn
1443 1407 1654 1463 soldano,
1694 1407 1989 1457 Machometi
2025 1425 2200 1458 nomen
2240 1409 2288 1456 in
2331 1408 2536 1473 Templo

598 1488 797 1536 Domini
830 1487 996 1535 diebus
1030 1504 1087 1535 ac
1123 1486 1346 1535 noctibus
1383 1486 1572 1550 publice
1607 1487 1887 1550 proclamari
1921 1486 2148 1551 permisit;
2189 1495 2236 1535 et
2270 1503 2420 1551 nuper
2454 1503 2538 1551 per

597 1567 793 1615 nuncios
827 1566 1008 1614 soldani
1042 1565 1322 1630 Babylonie,
1354 1565 1603 1630 postquam
1634 1565 1855 1615 soldanus
1890 1572 2012 1614 terre
2043 1565 2224 1621 san6'oe,
2262 1582 2319 1614 ac
2347 1565 2539 1614 Christi-

598 1648 699 1695 anis
722 1645 1065 1694 habitatoribus
1089 1645 1207 1710 ejus,
1233 1661 1316 1709 per
1340 1645 1387 1692 se
1412 1661 1469 1692 ac
1492 1645 1599 1693 suos
1618 1644 1826 1709 dampna
1848 1643 2112 1709 gravissima
2135 1652 2183 1694 et
2207 1644 2539 1694 inestimabiles

596 1726 788 1790 injurias
813 1726 1058 1790 irrogarat,
1082 1724 1195 1773 fecit
1219 1741 1302 1789 per
1326 1740 1526 1789 regnum
1546 1723 1735 1772 Scicilie
1759 1740 1867 1772 cum
1891 1723 2111 1773 laudibus
2136 1724 2197 1772 ad
2221 1724 2430 1789 ejusdem
2453 1725 2539 1772 sol-

598 1805 707 1853 dani
732 1805 1071 1859 extollentiam,
1095 1803 1210 1852 ficut
1233 1804 1397 1859 fertur,
1420 1803 1677 1852 honorifice
1701 1803 1883 1868 suscipi,
1908 1810 1956 1852 et
1978 1803 2231 1868 magnifice
2254 1804 2510 1868 procurari.

666 1884 882 1932 Aliorum
917 1900 1108 1948 quoque
1144 1883 1402 1931 infidelium
1436 1881 1705 1948 perniciosis
1740 1889 1788 1931 et
1822 1882 2067 1932 horrendis
2102 1882 2338 1947 obsequiis
2375 1890 2542 1931 eontra

598 1964 761 2012 fideles
786 1962 1003 2018 abutens,
1024 1969 1072 2010 et
1096 1962 1186 2010 illis
1210 1962 1292 2027 qui
1317 1961 1648 2010 damnabiliter
1665 1961 2011 2026 vilipendentes
2035 1961 2341 2027 apostolicam
2364 1962 2539 2016 sedem,

600 2043 661 2090 ab
686 2043 866 2090 unitate
891 2040 1086 2090 ecclesie
1110 2041 1424 2097 discesserunt,
1448 2057 1705 2106 procurans
1730 2040 1958 2089 affinitate
1990 2058 2049 2089 ac
2080 2041 2288 2089 amicitia
2312 2040 2538 2105 copulari,

601 2123 725 2170 clare
749 2121 975 2169 memorie
994 2120 1165 2168 ducem
1185 2119 1404 2175 Bavarie,
1428 2119 1680 2184 specialem
1699 2119 1893 2168 ecclesie
1915 2119 2132 2168 Romane
2151 2119 2390 2174 devotum,
2408 2120 2539 2174 fecit,

604 2210 656 2247 ut
680 2202 827 2249 fertur
852 2217 936 2264 pro
962 2207 1106 2255 certo,
1127 2199 1394 2247 Christiana
1415 2199 1645 2263 religione
1669 2198 1911 2263 despecta,
1935 2215 2019 2263 per
2040 2198 2260 2247 Affifinos
2283 2199 2458 2254 occidi;
2494 2207 2542 2246 et

604 2279 854 2334 Bachario,
881 2278 976 2326 Dei
1001 2286 1048 2326 et
1073 2277 1266 2327 ecclefie
1290 2278 1496 2333 inimico,
1522 2295 1552 2326 a
1575 2278 1907 2333 communione
1930 2277 2140 2326 fidelium
2163 2295 2247 2342 per
2270 2294 2540 2327 excommu-

602 2358 851 2407 nicationis
875 2358 1171 2413 sententiam,
1197 2374 1302 2406 cum
1337 2357 1649 2422 adjutoribus,
1672 2356 2043 2406 consiliatoribus
2067 2365 2115 2406 et
2142 2356 2409 2406 fautoribus
2432 2358 2541 2412 suis,

602 2438 919 2502 sollempniter
960 2438 1192 2502 separato,
1232 2436 1378 2485 filiam
1417 2437 1549 2485 suam
1587 2435 1780 2485 tradidit
1815 2437 1862 2484 in
1900 2453 2111 2485 uxorem.
2186 2435 2544 2485 Catholicorum

603 2518 865 2581 principum
888 2532 1044 2565 mores
1068 2524 1116 2564 et
1141 2516 1277 2565 aetus
1301 2517 1539 2581 respuens,
1556 2515 1804 2581 negleetor
1827 2515 2091 2564 sanctitatis
2115 2522 2162 2564 et
2185 2516 2329 2571 fame,
2353 2516 2544 2581 pietatis

608 2596 827 2661 operibus
851 2613 946 2644 non
977 2595 1193 2644 intendit.
1267 2595 1509 2652 Quinimo,
1534 2602 1586 2646 ut
1610 2595 1670 2644 de
1701 2595 1794 2644 suis
1826 2594 2020 2643 nefariis
2048 2593 2422 2644 diffolutionibus
2444 2590 2544 2644 sile-

606 2693 756 2731 amus,
782 2692 890 2724 cum
915 2675 1131 2724 didicerit
1154 2675 1437 2740 opprimere,
1471 2691 1567 2723 non
1598 2682 1732 2724 curat
1763 2674 2002 2740 oppressos
2035 2673 2394 2723 misericorditer
2427 2674 2544 2722 rele-

608 2773 733 2810 vare,
758 2772 903 2803 manu
927 2755 1045 2820 ejus,
1071 2762 1123 2803 ut
1154 2754 1293 2804 decet
1327 2754 1603 2820 principem,
1639 2754 1701 2803 ad
1732 2753 2034 2803 elemosinam
2066 2769 2162 2802 non
2185 2760 2400 2809 extenta3
2435 2769 2545 2802 cum

607 2835 914 2883 destruccioni
939 2833 1240 2883 ecclesiarum
1263 2833 1494 2890 institerit,
1519 2851 1577 2882 ac
1599 2834 1842 2899 religiosas
1864 2850 1922 2883 ac
1946 2834 2063 2883 alias
2086 2832 2422 2883 ecclesiasticas
2438 2832 2546 2898 jugi

606 2914 832 2962 attriverit
870 2914 1128 2963 afflictione
1159 2914 1404 2979 personas3
1439 2930 1530 2963 nec
1558 2913 1796 2970 ecclefiaS,
1829 2930 1922 2964 nec>
1953 2912 2252 2969 monasteria,
2274 2928 2366 2962 nec
2393 2911 2545 2975 hospi-

607 2993 735 3048 talia,
759 3010 849 3042 nec
880 2994 974 3042 alia
996 2993 1076 3059 pia
1098 2994 1206 3042 loca
1229 2994 1433 3042 cernitur
1457 2992 1770 3042 construxisse.
1840 2992 1987 3042 Nonss
2015 2993 2159 3059 igitur
2188 2991 2279 3041 hec
2308 2991 2430 3040 levia
2463 2989 2545 3038 sed

611 3072 821 3119 efficacia
852 3073 956 3120 sunt
992 3080 1273 3138 argumenta
1303 3072 1364 3121 de
1395 3072 1655 3138 suspicione
1684 3071 1857 3121 heresis
1884 3078 2049 3121 contra
2079 3087 2211 3126 eum;
2246 3085 2354 3119 cum
2383 3076 2544 3116 tamen

672 3178 684 3196 f
703 3179 816 3219 Anne,
836 3192 858 3214 a
874 3181 1009 3216 natural
1026 3181 1196 3227 daughter
1212 3181 1254 3217 of
1264 3181 1327 3218 the
1343 3193 1512 3229 emperor,
1532 3182 1681 3217 married
1696 3181 1792 3217 John
1811 3181 1954 3223 Vataoe,
1972 3191 2132 3227 emperor
2147 3178 2190 3215 of
2199 3178 2261 3214 the
2281 3178 2380 3214 East.
2425 3177 2545 3217 L’Art‚
2573 3205 2577 3209 ,

608 3234 664 3268 vii.
684 3235 764 3273 247,
799 3238 882 3269 Svo.
1027 3237 1043 3257 Β
1071 3243 1080 3259 ·
1101 3237 1257 3272 Nonne”
1275 3237 1340 3273 has
1355 3238 1447 3273 been
1463 3237 1641 3283 originally
1655 3237 1795 3273 written
1810 3237 1907 3273 here.
