2904 3886
407 501 541 552 A1.D.
583 500 724 550 1268.
866 496 1291 548 CHRONICA
1335 495 1437 546 DE
1482 496 1867 547 MAILROS.
2251 503 2347 554 207

404 640 523 690 ratio
547 638 651 706 ejus
675 638 932 689 inmediate
956 637 1235 690 relationem
1258 636 1404 687 habet
1427 637 1490 686 ad
1515 637 1696 694 Deum,
1720 645 1911 704 propter
1933 638 2063 705 quod
2088 638 2154 688 ait
2182 638 2346 688 Simon

406 718 590 775 Petrus,
626 726 679 767 ut
712 717 923 769 medium
955 717 1112 768 nostis
1151 716 1396 774 transierit,
1437 734 1531 784 ego
1566 718 1730 783 sponte
1758 717 1862 783 jam
1895 717 2101 774 suscitor,
2137 726 2190 767 ut
2224 717 2346 767 ultra

403 799 624 865 sompnus
656 813 963 863 nequaquam
985 797 1144 847 veniat
1179 797 1241 846 ad
1273 813 1367 847 me.
1440 797 1584 853 Quod
1617 796 1732 846 mihi
1766 797 1938 846 accidit
1970 814 2028 846 ex
2060 814 2118 847 eo
2153 798 2267 864 quia
2297 797 2345 846 in

404 877 743 928 consuetudine
776 876 934 926 habeo
957 875 1104 925 verba
1134 875 1312 925 domini
1345 875 1439 925 mei
1463 875 1494 924 J
1496 876 1592 932 esu,
1616 892 1711 942 que
1742 875 1803 925 ab
1833 875 1932 942 ipso
1963 877 2207 926 audieram
2230 884 2344 927 tunc

403 974 626 1008 revocare
663 957 725 1005 ad
759 956 1052 1009 memoriam.
1125 954 1267 1005 Unde
1302 971 1387 1020 pro
1427 955 1631 1020 ipsorum
1666 954 1893 1004 defiderio
1933 957 2099 1005 suscito
2134 956 2343 1005 animum

401 1053 577 1092 meum,
602 1044 650 1085 et
674 1034 1043 1101 cogitationibus
1073 1033 1192 1082 meis
1222 1034 1402 1098 impero
1426 1040 1480 1082 ut
1502 1033 1695 1099 vigilem
1727 1035 1850 1083 circa
1885 1034 2067 1101 fingula
2090 1035 2234 1084 verba
2257 1036 2342 1085 do-

401 1115 515 1165 mini
545 1115 656 1170 mei,
681 1130 776 1179 que
807 1114 1022 1163 recolens
1046 1130 1103 1161 ac
1132 1119 1352 1161 retexens
1381 1112 1602 1161 nimirum
1631 1114 1901 1161 memoriter
1923 1126 2080 1163 teneo.
2153 1114 2228 1163 Ex
2249 1112 2342 1162 hoc

400 1210 515 1259 ergo
539 1193 653 1242 dum
678 1209 786 1241 cum
804 1192 932 1241 omni
957 1191 1207 1240 dulcedine
1231 1192 1469 1242 sermones
1487 1191 1666 1240 domini
1689 1192 1783 1240 mei
1802 1193 1971 1240 versari
1995 1194 2042 1241 in
2067 1194 2208 1242 corde
2232 1211 2340 1242 meo

400 1271 626 1328 defidero,
652 1270 1040 1321 consuetudinem
1062 1270 1290 1336 vigilandi
1316 1270 1520 1336 optinuit
1543 1270 1591 1318 in
1615 1287 1692 1319 me
1716 1271 1872 1336 gratia
1896 1271 2072 1320 domini
2095 1273 2204 1321 mei.
2268 1272 2341 1320 Ita

399 1368 514 1417 ergo
538 1351 764 1400 ineffabili
783 1350 992 1416 quadam
1016 1350 1198 1399 ratione
1221 1350 1369 1399 menti
1393 1366 1500 1398 mee
1519 1350 1805 1407 introducta,
1826 1367 1883 1399 ex
1902 1351 1984 1399 tali
2004 1351 2341 1400 consuetudine

400 1438 536 1480 vetus
560 1448 669 1479 mea
693 1430 985 1479 consuetudo
1009 1437 1233 1485 mutatur,
1252 1437 1304 1477 ut
1328 1437 1460 1495 patet
1483 1429 1688 1478 secundo
1712 1429 1831 1478 libro
1854 1430 2042 1479 historie
2066 1431 2341 1487 Clementis,

398 1511 447 1560 in
483 1510 712 1575 principio
744 1510 866 1558 libri.
939 1508 1098 1574 Hujus
1122 1509 1205 1557 viri
1241 1508 1501 1574 digniffime
1533 1510 1874 1574 comparationi
1906 1508 2251 1576 comparandus
2275 1512 2342 1560 est

406 1589 587 1645 Simon,
620 1589 756 1653 cujus
786 1589 967 1637 mentio
999 1589 1209 1653 superius
1240 1589 1372 1637 facta
1405 1588 1486 1636 est.
1558 1588 1672 1637 Non
1697 1589 1823 1637 enim
1854 1589 2020 1638 sufficit
2052 1592 2340 1656 comparatio

398 1685 481 1733 per
505 1669 552 1717 se
576 1668 726 1733 pofita
749 1667 833 1716 nifi
855 1668 1034 1716 habeat
1051 1668 1191 1732 juxta
1214 1669 1260 1716 se
1286 1667 1605 1733 comparabile
1633 1667 1715 1716 fibi
1741 1668 1885 1734 digne
1909 1669 2123 1734 positum.
2198 1670 2339 1720 Com-

398 1747 610 1812 parabile
642 1748 805 1811 itaque
835 1747 1056 1810 Sirmonis
1083 1747 1211 1795 Petri
1236 1746 1366 1812 quafi
1390 1747 1446 1796 iis
1471 1747 1639 1795 diebus
1667 1748 2046 1813 incomparabilis
2071 1749 2226 1804 alicui,
2251 1750 2339 1799 fuit

402 1827 582 1892 symon
607 1827 667 1875 de
692 1826 863 1884 Monte
890 1825 1035 1881 Forti,
1061 1826 1142 1890 qui
1173 1826 1422 1891 postquam
1447 1826 1688 1891 juraverat
1712 1844 1820 1875 cum
1851 1827 2121 1884 baronibus,
2140 1828 2339 1893 jubente

397 1923 511 1972 rege
536 1906 618 1971 qui
643 1912 690 1955 et
722 1906 818 1970 ipse
842 1905 1016 1970 pariter
1035 1904 1275 1969 juraverat
1300 1921 1408 1952 cum
1438 1905 1660 1969 Symone,
1684 1906 1827 1954 immo
1853 1914 1962 1954 ante
1993 1907 2262 1972 Symonem,
2289 1916 2339 1957 ut

395 1985 537 2034 staret
555 1985 756 2033 fideliter
774 1983 1071 2049 providentie
1087 1982 1319 2031 baronum
1338 1984 1466 2048 apud
1486 1984 1722 2032 Oxoniam
1742 2003 1770 2033 a
1787 1986 2145 2050 sapientioribus
2163 1988 2339 2053 Anglie

395 2065 443 2113 in
475 2064 629 2112 rotulo
660 2070 976 2128 prenotatam,
1002 2063 1128 2128 cepit
1159 2062 1457 2127 semetipsum
1482 2062 1613 2128 quafi
1644 2063 1884 2129 abnegare
1911 2064 1995 2113 fibi
2025 2074 2073 2114 et
2107 2083 2237 2116 more
2267 2068 2338 2116 Si·

396 2143 549 2192 monis
576 2143 704 2192 Petri
739 2142 924 2208 vigilias
959 2159 1228 2208 preparare,
1259 2159 1288 2190 a
1323 2141 1495 2207 quibus
1528 2159 1623 2190 non
1658 2143 1886 2192 recedens
1914 2146 2088 2209 uscque
2124 2147 2184 2194 ad
2213 2146 2339 2195 diem

396 2223 558 2273 mortis
582 2224 678 2278 sue,
704 2222 832 2270 omni
862 2221 1007 2270 noc'te
1032 2221 1254 2287 surgebat
1279 2221 1404 2270 circa
1427 2221 1583 2270 noctis
1606 2222 1816 2271 medium
1840 2223 1902 2271 ad
1932 2223 2240 2274 indictionem
2272 2228 2338 2275 in-

398 2302 546 2351 auditi
569 2301 819 2367 horologii,
843 2300 879 2349 fi
902 2308 1063 2350 tamen
1087 2301 1161 2350 sas
1186 2300 1254 2349 est
1277 2300 1518 2366 appellare
1543 2301 1645 2366 ejus
1668 2301 1813 2351 talem
1836 2302 2179 2367 providentiam
2203 2304 2337 2354 horo-

397 2381 596 2446 logium,
620 2381 750 2445 quod
784 2397 1030 2446 nunquam
1055 2380 1098 2428 ei
1124 2379 1275 2428 defuit
1305 2380 1555 2445 postquam
1585 2380 1909 2446 hujuscemodi
1944 2383 2203 2448 arripuerat
2234 2402 2337 2449 pro-

398 2459 670 2508 videntiam.
745 2458 1062 2524 Horologium
1096 2459 1259 2523 itaque
1299 2459 1434 2507 suum
1470 2467 1571 2508 erat
1612 2460 1811 2509 candela
1851 2478 1990 2509 cerea
2026 2463 2152 2510 omni
2193 2464 2336 2513 noste

399 2539 597 2587 accensa
637 2537 829 2602 quando
870 2537 1052 2585 solebat
1087 2537 1155 2585 ire
1197 2537 1464 2593 dormitum,
1506 2538 1553 2585 in
1594 2554 1690 2603 qua
1729 2555 1814 2603 pro
1852 2539 2030 2588 diversa
2071 2542 2335 2605 quantitate

397 2617 611 2666 nostium
645 2616 858 2665 brevium
893 2616 967 2664 vel
1001 2615 1267 2681 longarum,
1303 2615 1448 2664 talem
1482 2623 1660 2665 metam
1692 2617 1914 2666 divinitus
1949 2618 2110 2674 affixit,
2144 2629 2195 2668 ut
2227 2637 2334 2670 cum

402 2704 595 2744 ventum
616 2695 772 2744 suiffet
797 2695 858 2743 ad
880 2702 1058 2744 metam
1089 2695 1218 2743 illam
1241 2694 1366 2743 circa
1388 2694 1553 2744 horam
1583 2696 1739 2744 nofifis
1761 2696 1933 2753 medie,
1958 2698 2181 2764 extimplo
2206 2701 2335 2764 quafi

399 2775 619 2824 divinitus
643 2774 825 2823 excitus
848 2775 1058 2839 surgeret
1082 2774 1209 2822 omni
1237 2774 1382 2823 nocte
1405 2791 1433 2822 e
1455 2774 1600 2831 leEto,
1626 2774 1747 2823 adeo
1770 2775 1865 2824 fine
1889 2776 2081 2842 strepitu
2105 2785 2157 2826 ut
2179 2779 2334 2829 nullus

399 2853 806 2920 compausantium
840 2850 1000 2904 secum
1024 2870 1133 2902 eum
1168 2852 1352 2902 audiret
1382 2852 1463 2902 sed
1492 2869 1582 2902 nec
1613 2854 1802 2903 sentiret
1824 2855 2076 2905 surrexisse.
2149 2856 2213 2906 Et
2244 2858 2334 2908 hoc

396 2933 607 2984 faciebat
635 2950 694 2982 ex
725 2933 826 2989 usu,
860 2932 952 2982 acfi
982 2949 1129 2982 unum
1164 2949 1223 2981 ex
1250 2932 1612 2998 perfectioribus
1642 2933 1898 3000 horologiis
1933 2935 2172 2985 excitasset
2207 2954 2331 2987 eum.

402 3012 542 3061 Tunc
565 3012 755 3063 videres*
772 3012 905 3061 illum
927 3012 1074 3061 veteri
1099 3011 1436 3062 consuetudine
1465 3011 1726 3061 dormiendi
1750 3021 1959 3071 exutum,
1990 3015 2164 3065 scilicet
2187 3018 2333 3083 usque

398 3091 460 3140 ad
490 3099 682 3142 cantum
713 3092 964 3157 pullorum,
997 3091 1074 3140 vel
1107 3092 1356 3157 gallorum,
1379 3091 1454 3140 vel
1478 3091 1604 3140 diem
1634 3091 1966 3150 albescentem,
1990 3102 2038 3143 et
2071 3111 2194 3144 nova
2225 3113 2334 3146 con-

398 3171 646 3241 suetudine
675 3171 880 3221 Simonis
906 3171 1034 3221 Petri
1065 3171 1226 3236 quoad
1247 3170 1432 3237 vigilias
1462 3170 1694 3228 indutum,
1718 3171 1786 3221 ita
1816 3180 1868 3221 ut
1899 3172 1960 3222 ab
1988 3173 2068 3223 illa
2098 3174 2215 3224 hora
2238 3193 2333 3242 qua

399 3249 658 3302 surrexerat
676 3251 736 3301 de
754 3251 899 3301 noete
918 3251 1066 3316 usque
1091 3249 1153 3300 ad
1170 3250 1494 3316 subsequentis
1512 3250 1606 3301 diei
1628 3250 1838 3308 noctem,
1856 3268 2160 3319 nequaquam
2183 3255 2332 3320 somp-
