2852 3874
540 479 602 523 58
1001 470 1420 521 CHRONICA
1465 470 1564 518 DE
1595 469 1995 520 ‘MA‘ILR'O'S.
2181 473 2314 523 A.D.
2346 478 2489 524 1080.

606 610 839 660 Hem-icus
861 609 1112 671 imperator
1139 598 1296 653 GTGJ
1318 619 1492 668 papam
1524 603 1775 667 Magontie
1795 603 2006 654 ,decrevit
2029 604 2379 670 deponendum,
2413 618 2462 659 et

545 689 808 738 Wibertum
829 684 1154 734 Rauenensem
1178 682 1447 746 episcopum
1469 697 1553 746 pro
1577 697 1636 729 eo
1658 681 1772 730 fecit
1796 681 2084 748 antipapam.

606 768 786 816 Ventus
809 761 1103 812 validiffimus
1126 761 1173 809 in
1196 760 1355 809 natale
1382 759 1591 808 Domini.

605 846 745 893 Anno
769 841 967 905 m.lxxxj.
996 839 1229 888 Henricus
1264 839 1518 903 imperator.
1546 838 1771 888 hostiliter
1798 839 2002 888 Romam
2037 838 2256 890 adversus
2290 857 2464 907 papam

538 924 665 978 adiit,
689 937 968 986 oppugnans
991 919 1156 967 urbem
1181 918 1338 966 adhuc
1359 934 1455 966 non
1479 918 1684 966 intravit.

604 1002 744 1049 Anno
768 999 984 1064 M.lxxxij.
1009 998 1166 1046 multis
1189 996 1452 1046 homicidiis
1476 1004 1524 1045 et
1555 996 1922 1061 praedationibus
1946 997 2066 1045 inter
2092 996 2354 1047 Henricum
2377 999 2461 1048 im-

536 1094 799 1147 peratorem
823 1087 870 1128 et
893 1095 1066 1143 papam
1093 1071 1258 1125 GE&
1281 1077 1416 1133 actis,
1435 1077 1482 1125 in
1499 1077 1642 1125 nocte
1660 1077 1922 1142 palmarum
1941 1076 2081 1142 [Apr.
2114 1078 2193 1143 17]
2212 1079 2465 1128 multisunt

537 1160 687 1209 occifi.
1748 1202 1750 1204 ,

605 1239 708 1287 Rex
736 1236 1001 1285 Willelmus
1031 1236 1221 1283 fratrem
1252 1235 1385 1282 suum
1412 1234 1634 1282 Odonem
1667 1233 1975 1283 Baiocensem
1999 1235 2270 1300 episcopum
2293 1236 2340 1284 in
2365 1237 2463 1284 cus-

538 1318 715 1366 todiam
739 1316 904 1381 posuit.

605 1397 745 1444 Anno
770 1394 1001 1457 M.lxxxiij.
1030 1391 1263 1440 Henricus
1287 1392 1537 1456 imperator
1572 1391 1736 1440 urbem
1763 1391 1915 1439 Rome
1949 1392 2140 1457 infregit
2164 1400 2212 1440 et
2247 1393 2390 1458 cepit,
2417 1401 2464 1442 et

542 1475 851 1525 Wibertumhh
883 1475 1154 1537 antipapam
1182 1472 1380 1520 intrusit:
1417 1466 1577 1521 &Ge
1608 1489 1717 1521 vero
1745 1472 2075 1522 Beneuentum
2099 1474 2263 1522 adiens
2287 1474 2462 1523 ibidem

537 1558 682 1621 usque
707 1555 766 1602 ad
791 1553 970 1601 obitum
995 1551 1176 1615 deguit.
1281 1554 1289 1563 '

603 1635 744 1683 Anno
769 1631 1017 1694 M.lxxxiiij.
1048 1624 1204 1678 GssGfi
1227 1646 1352 1694 papa
1376 1629 1521 1677 obiit.i
1606 1688 1608 1690 Ι

603 1714 705 1761 Rex
733 1711 998 1759 Willelmus
1030 1709 1088 1756 de
1113 1725 1399 1773 unaquaque
1430 1707 1542 1755 hida
1573 1724 1655 1772 per
1683 1708 1909 1773 Angliam
1932 1709 1993 1773 vj.
2019 1709 2189 1758 solidos
2214 1710 2412 1775 accepit.

604 1792 744 1840 Anno
770 1790 980 1838 M.lxxxv.
1006 1793 1087 1836 rex
1108 1787 1374 1835 Willelmus
1398 1787 1543 1834 tribus
1575 1787 1830 1852 capellanis
1854 1788 1946 1836 suis
1966 1787 2200 1836 Mauricio
2222 1788 2461 1837 Lundoni—

538 1873 709 1925 ensem,
740 1868 981 1916 Willelmo
1025 1866 1445 1921 Teodfordensem‚
1480 1865 1721 1914 Rodberto
1763 1866 2056 1914 Cestrensem
2095 1867 2225 1915 dedit
2259 1868 2460 1932 presula-

535 1961 649 1999 tum.

605 2029 745 2076 Anno
769 2024 997 2088 M.lxxxvj.
1023 2040 1103 2071 rex
1131 2022 1404 2070 Willelmus
1428 2023 1541 2070 fecit
1566 2022 1761 2070 describi
1786 2030 1936 2070 totam
1962 2023 2203 2088 Angliam.

606 2106 732 2154 Clito
750 2103 991 2167 AEdgarus
1010 2118 1117 2149 cum
1144 2101 1319 2151 ....cC.¹‘
1341 2101 1563 2148 militibus
1586 2117 1716 2149 mare
1734 2101 1958 2150 tranfiens
1979 2102 2204 2166 Apuliam
2230 2102 2359 2159 adiit,
2385 2119 2462 2150 cu-

540 2187 617 2250 jus
654 2185 777 2232 soror
813 2181 1082 2230 Christiana
1111 2179 1442 2227 monasterium
1479 2179 1730 2228 Rumeseia
1764 2181 1950 2228 intravit
1982 2189 2028 2228 et
2060 2181 2463 2230 sanctimonialem

542 2263 754 2312 habitum
778 2260 988 2328 suscepit.

611 2341 751 2389 Anno
775 2337 1019 2401 M.lxxxvij.
1046 2337 1239 2401 reliquie
1264 2337 1411 2384 sancti
1449 2336 1672 2384 Nicholai
1697 2336 1756 2384 de
1794 2337 1988 2385 Mirreia
2024 2338 2170 2402 usque
2199 2338 2260 2386 ad
2287 2338 2463 2386 Barum

540 2416 903 2468 transferuntur.l

607 2497 847 2546 Aldwinus
871 2495 993 2559 prior
1020 2493 1345 2555 Dunelmenfis
1370 2493 1572 2542 decessit.

608 2577 712 2624 Rex
740 2574 1006 2622 Willelmus
1045 2574 1092 2620 in
1119 2573 1358 2620 Frantiam
1383 2589 1490 2620 cum
1515 2573 1722 2620 exercitu
1746 2573 1887 2628 venit,
1913 2580 1960 2620 et
1985 2559 2179 2638 opidum
2204 2573 2334 2638 quod
2359 2573 2464 2622 Ma-

540 2657 778 2704 thuntunm
801 2659 1111 2716 nuncupatur,
1132 2659 1178 2699 et
1196 2668 1358 2699 omnes
1377 2651 1593 2699 ecclefias
1612 2651 1658 2698 in
1677 2668 1734 2699 eo
1753 2650 1876 2707 fitas,
1898 2651 2107 2716 duosque
2131 2652 2336 2700 reclusos
2354 2653 2465 2717 igne

540 2733 796 2787 succendit3
822 2739 869 2779 et
892 2731 1001 2778 inde
1021 2730 1364 2778 Normanniam
1388 2729 1539 2777 rediit.
1616 2730 1712 2778 Sed
1736 2730 1783 2777 in
1807 2730 1892 2778 isto
1911 2730 2064 2778 reditu
2089 2731 2216 2779 dirus
2239 2731 2465 2780 viscerum

541 2814 670 2860 dolor
688 2812 817 2858 illurn
836 2809 1158 2874 apprehendit,
1178 2817 1225 2856 et
1243 2809 1394 2873 magis
1413 2825 1470 2856 ac
1488 2809 1639 2873 magis
1659 2809 1718 2857 de
1737 2808 1813 2856 die
1838 2809 1886 2856 in
1905 2809 2030 2858 diem
2054 2810 2299 2875 gravabat.
2341 2809 2464 2857 Cum

600 2913 615 2932 '¹
638 2912 724 2947 This
742 2912 769 2946 is
787 2911 848 2946 the
865 2922 1026 2946 common
1044 2910 1258 2945 contractiori
1270 2909 1324 2945 sor
1333 2910 1379 2944 all
1394 2909 1455 2944 the
1466 2909 1659 2944 inflections
1677 2909 1719 2944 of
1732 2910 1931 2955 Gregorius.
2059 2898 2112 2931 'm‘
2127 2910 2206 2946 The
2216 2909 2384 2957 ,antipope
2394 2919 2465 2944 was

543 2968 688 3005 Guibert
714 2966 922 3012 archbishop
949 2965 991 3000 of
1011 2965 1193 3006 Ravenna,
1224 2965 1306 3000 who
1332 2965 1495 3000 assumed
1520 2965 1581 3000 the
1606 2977 1708 3000 name
1735 2965 1776 3000 of
1791 2966 1951 3001 Clement
1971 2966 2040 3000 111.
2073 2965 2183 3002 L’Art
2210 2965 2257 3000 iii.
2277 2967 2357 3005 336,
2381 2966 2464 2998 8vo.

541 3023 549 3041 ¹
573 3022 628 3055 He
641 3022 719 3055 died
731 3033 827 3067 upon
843 3021 904 3056 the
922 3021 1009 3055 25th
1026 3020 1067 3055 of
1081 3021 1165 3067 May
1185 3022 1285 3055 1085.
1446 3020 1460 3040 ¹¹
1491 3020 1548 3054 An
1565 3032 1704 3055 erasure
1721 3019 1784 3055 has
1801 3021 1891 3055 been
1915 3020 2017 3055 made
2038 3020 2074 3055 in
2090 3019 2153 3062 the
2173 3019 2252 3054 MS.
2270 3018 2389 3054 before
2405 3017 2467 3053 the

541 3076 722 3115 numerals,
750 3077 813 3110 but
833 3076 894 3110 the
910 3082 996 3117 text,
1012 3088 1050 3110 as
1066 3076 1094 3110 it
1110 3087 1191 3110 now
1208 3075 1338 3115 stands,
1358 3086 1475 3120 agrees
1493 3075 1579 3110 with
1595 3075 1657 3110 the
1681 3075 1823 3122 reading
1838 3075 1880 3111 of
1891 3077 2025 3110 Simeon
2049 3075 2091 3122 qt*
2110 3074 2276 3114 Dur-ham,
2296 3072 2363 3108 col.
2382 3074 2463 3113 213,

541 3130 610 3164 and
626 3129 667 3163 of
691 3131 816 3164 Hoved.
834 3130 893 3165 fol.
944 3133 1024 3165 264.
1216 3129 1227 3151 ¹
1257 3135 1280 3150 ‘⁶
1297 3130 1339 3164 In
1357 3130 1545 3165 Bai-ensem
1561 3129 1814 3165 transferuntur
1831 3130 2040 3166 civitatem?
2065 3130 2103 3164 S.
2119 3129 2280 3164 Dunetm.
2300 3127 2367 3163 col.
2382 3129 2463 3162 213.

542 3184 567 3199 '¹¹
596 3183 755 3225 Mathun‚
788 3186 823 3219 S.
854 3186 1012 3220 Dunelm.
1043 3185 1109 3220 col.
1138 3187 1225 3225 213;
1266 3190 1290 3205 ‘⁶
1307 3184 1524 3220 Mediantum
1550 3185 1760 3227 civitatem,”
1793 3185 1852 3220 M.
1884 3185 1996 3226 Paris,
2032 3186 2066 3226 9,
2097 3176 2300 3224 Ma‘tuntun,
2332 3182 2462 3217 Hoved.

541 3239 600 3273 fol.
620 3240 699 3273 264.
1178 3234 1184 3241 ⁴

2554 2191 2613 2228 fol.
2632 2195 2686 2228 15.
