2852 3874
578 526 607 569 8
1031 511 1458 566 CHRONICA
1501 509 1603 561 DE
1638 507 2027 560 ›MAILROS.
2211 511 2345 561 A.D.
2384 512 2495 568 767.

645 656 785 705 Anno
819 650 1110 713 nec0.lx0.vij.
1138 648 1265 696 Etha
1293 647 1443 695 fidelis
1467 645 1742 694 anachorita
1772 646 1820 693 in
1855 643 1997 694 Creic
2020 644 2159 710 juxta
2195 644 2498 698 Eboracum*

644 736 653 745 ⁰
687 735 772 782 iter
795 731 924 779 obiit.

575 734 779 860 felignno
813 804 1128 868 ncc⁰.lx0.viij⁰
1164 802 1435 852 Eadbertus
1472 802 1714 868 quondam
1748 819 1847 859 rex,
1893 803 1942 851 in
1978 802 2204 852 clericatu
2234 811 2284 852 et
2310 804 2495 854 servitio

574 889 666 939 Dei
689 886 883 935 feliciter
906 882 1051 931 obiit.¹

636 965 740 1030 Ipso
765 979 886 1011 anno
917 960 1186 1026 Stephanus
1209 978 1351 1027 papa,
1376 969 1424 1009 et
1446 977 1528 1009 rex
1554 960 1845 1010 Francorum
1871 961 2068 1027 Pipinus
2092 962 2326 1011 obierunt.

635 1043 737 1092 Rex
764 1040 994 1090 Alcredus
1018 1039 1070 1088 N
1073 1040 1375 1089 orthumbriae
1400 1041 1586 1106 accepit
1608 1041 1824 1106 reginam
1851 1040 2158 1107 Osgeivam.¹¹¹

635 1122 775 1170 Anno
810 1119 1093 1169 ncc⁰.lx⁰.ix⁰
1129 1118 1401 1168 Earnredus
1433 1122 1663 1183 tyrannus
1706 1119 2013 1169 cataractam
2047 1119 2304 1176 succendit,
2340 1121 2422 1185 qui
2446 1129 2493 1169 et

568 1203 663 1267 ipse
687 1199 900 1249 incendio
924 1197 1074 1263 periit.
1931 1246 1934 1251 ,

633 1279 816 1328 Eodem
840 1293 962 1325 anno
987 1277 1234 1341 imperium
1258 1278 1403 1325 etiam
1429 1276 1754 1326 Romanorum
1778 1294 1887 1327 cum
1911 1295 2059 1345 regno
2086 1278 2376 1328 Francorum
2397 1278 2492 1327 Ka-

567 1360 665 1408 rolo
691 1357 889 1423 Magno,
914 1356 1014 1421 regi
1041 1355 1196 1421 Pipini
1220 1355 1332 1412 filio,
1357 1356 1624 1421 subjectum
1648 1357 1729 1406 est.

632 1439 772 1487 Anno
796 1436 995 1485 ncc.lxx.

631 1518 770 1566 Anno
794 1515 1031 1579 Dcc⁰.lxxj.
1063 1514 1285 1564 Sibaldus
1310 1515 1458 1564 abbas
1483 1515 1614 1564 obiit.

621 1596 829 1661 vEcgricn
851 1595 999 1642 lector
1024 1594 1084 1642 ad
1109 1595 1391 1642 consortium
1414 1594 1591 1642 tranfiit
1615 1595 1891 1643 electorum.

630 1675 739 1723 Offa
765 1673 865 1722 Rex
891 1673 1178 1721 Merciorum
1204 1673 1463 1738 Hestingos
1485 1673 1569 1720 fibi
1593 1690 1676 1738 per
1702 1690 1832 1721 arma
1855 1673 2057 1738 subegit.

628 1753 768 1801 Anno
792 1753 1027 1817 Dec.lxxij.
1058 1752 1304 1801 PittellusP
1328 1752 1423 1799 dux
1442 1759 1490 1799 et
1514 1752 1830 1800 Sunuthulfus
1855 1751 2004 1800 abbas
2023 1752 2241 1801 obierunt
2257 1754 2312 1800 ,in
2336 1770 2470 1819 pace.

627 1832 767 1880 Anno
791 1833 1043 1896 Dcc.lxxiij.
1084 1831 1343 1880 Hadwinus
1368 1830 1557 1879 antistes
1581 1831 1800 1880 aecclefiae
1838 1830 2098 1896 Migenfisq
2121 1831 2253 1887 obiit,
2278 1849 2362 1897 pro
2391 1850 2485 1897 quo

558 1911 866 1960 Leuthfridus
889 1911 1168 1975 subrogatus
1193 1911 1274 1958 est.

628 1990 812 2037 Wlfeht
836 1989 983 2037 abbas
1009 1989 1353 2038 Beverlacenfis
1377 1991 1596 2056 migravit
1621 1990 1681 2038 ad
1708 1990 1984 2038 Dominum.

630 2068 850 2117 Albertus
876 2067 1181 2116 Eboracenfis
1205 2070 1401 2134 suscepit
1425 2070 1619 2134 pallium
1645 2069 1705 2117 ab
1733 2068 1946 2117 Adriano
1974 2085 2100 2134 papa
2123 2068 2206 2117 fibi
2231 2069 2479 2118 directum.

629 2146 768 2195 Anno
793 2148 1058 2212 Dcc.lxxiiij.
1099 2147 1351 2196 Aldredusr
1373 2166 1454 2197 rex
1479 2149 1570 2197 suis
1595 2148 1842 2196 destitutus
1866 2148 2065 2196 mutavit
2100 2165 2300 2213 regnum
2325 2150 2480 2204 exilio,

563 2227 636 2274 cui
661 2226 866 2275 succeffit
889 2226 1170 2275 AEdelredus
1194 2227 1315 2276 filius
1342 2228 1479 2278 Moll.

629 2305 736 2353 Offa
763 2305 863 2354 Rex
889 2305 1172 2354 Merciorum
1207 2308 1436 2373 pugnavit
1460 2315 1623 2356 contra
1650 2307 1912 2356 Kentenses
1935 2307 2062 2371 apud
2091 2306 2410 2362 Ottanforde‚s
2434 2316 2481 2355 et

561 2384 691 2432 clade
715 2384 943 2432 horrenda
968 2387 1183 2451 utrinque
1207 2387 1404 2451 peracta
1427 2387 1745 2452 triumphavit.

627 2463 730 2527 Ipso
756 2480 877 2511 anno
902 2463 980 2511 vifi
1006 2466 1108 2512 sunt
1132 2466 1179 2513 in
1204 2466 1324 2514 coelo
1347 2466 1506 2514 nubea
1529 2466 1661 2531 figna
1675 2465 1779 2530 post
1808 2466 2027 2513 occasum
2043 2465 2165 2520 solis,
2191 2473 2237 2513 et
2261 2465 2479 2514 horrendi

559 2543 788 2606 serpentes
812 2542 889 2590 vifi
914 2544 1015 2591 sunt
1039 2544 1086 2591 in
1116 2545 1324 2593 Sudsexe
1349 2561 1456 2593 cum
1479 2562 1655 2610 magna
1680 2544 2004 2592 admiratione.

626 2619 765 2668 Anno
790 2622 1017 2670 Dcc.lxxv.
1038 2622 1237 2688 Antiqui
1274 2624 1502 2678 Saxones,
1535 2623 1804 2688 undessgens
1830 2622 2097 2688 Anglorum
2128 2623 2383 2678 descendit,
2420 2624 2480 2671 ad

556 2698 796 2746 *Christum
821 2701 1022 2749 conversi
1044 2702 1164 2750 sunt.

623 2776 805 2826 Eodem
837 2796 958 2827 anno
986 2780 1233 2845 CYnothus
1264 2798 1345 2830 rex
1372 2781 1615 2830 Pictorum
1640 2781 1771 2837 obiit,
1804 2789 1851 2829 et
1876 2781 2111 2829 Eadulsus
2143 2781 2238 2829 dux
2269 2797 2352 2845 per
2367 2780 2477 2828 ‘infi-

558 2856 656 2903 dias
680 2865 844 2921 captus
868 2859 1187 2909 fraudulenter
1212 2860 1454 2908 occiditur.

624 2934 822 2985 Karolus
850 2954 929 2985 rex
954 2938 1242 2988 Francorum
1256 2939 1575 2989 famofissimus
1604 2940 1817 2989 Saxones
1836 2939 2090 2988 debellavit
2114 2946 2161 2987 et
2189 2938 2475 3003 provinciam

563 3009 772 3060 Bowheri
795 3015 903 3063 olim
928 3034 956 3064 a
980 3017 1172 3067 Francis
1197 3018 1457 3084 oppressam
1480 3020 1562 3067 suo
1586 3019 1784 3084 subjecit
1808 3019 2019 3084 imperio.

608 3139 622 3158 ¹¹
645 3139 721 3175 Ten
737 3141 832 3177 miles
849 3143 975 3181 distant
1001 3146 1089 3183 from
1107 3149 1214 3184 York.
1267 3151 1303 3185 S.
1322 3151 1484 3186 Dunelm.
1504 3150 1571 3185 col.
1593 3152 1671 3185 106.
1843 3149 1856 3171 ¹
1877 3149 1984 3194 Upon
1999 3147 2062 3182 the
2080 3146 2168 3182 aoth
2183 3146 2252 3193 day
2267 3146 2310 3182 of
2323 3147 2471 3192 August.

563 3194 598 3227 S.
611 3193 769 3229 Dunelm.
788 3197 852 3231 col.
875 3201 950 3234 106.
1070 3201 1095 3217 m
1117 3203 1281 3248 osgeam.
1334 3206 1370 3240 S.
1383 3205 1544 3240 Dunelm.
1558 3204 1623 3239 col.
1647 3206 1724 3239 106.
1846 3202 1864 3218 ¹²
1883 3202 2009 3248 Egilric
2019 3208 2055 3237 et
2067 3196 2207 3237 Lector.
2259 3202 2295 3236 S.
2310 3202 2472 3237 Dunelm.

556 3247 626 3282 col.
650 3250 725 3286 107.
866 3251 882 3272 ⁹
902 3254 1010 3290 Pictel
1026 3256 1097 3291 dux
1124 3264 1160 3292 et
1179 3259 1347 3294 Swithulf
1368 3261 1487 3296 abbas.
1539 3260 1576 3294 S.
1595 3260 1756 3294 Dunelm.
1787 3258 1855 3294 col.
1876 3258 1955 3295 107.
2099 3256 2116 3277 ‘¹
2132 3256 2339 3303 Nugensis?
2372 3258 2470 3292 Gale.

560 3300 716 3396 'digest
730 3305 895 3396 Ales-ledus
911 3309 957 3354 by
974 3311 1009 3346 S.
1027 3312 1186 3348 Dunelm.
1206 3314 1271 3350 col.
1293 3315 1370 3353 107.
1561 3314 1573 3330 “
1592 3315 1684 3350 Now
1705 3313 1842 3355 otford,
1868 3313 1904 3349 in
1924 3312 2031 3355 Kent,
2051 3324 2111 3350 see
2128 3312 2187 3348 M.
2209 3314 2319 3354 Paris,
2339 3313 2375 3348 in
2391 3313 2474 3348 Vita

551 3381 562 3389 -·
717 3370 784 3397 cun
810 3361 830 3403 ’,
849 3373 887 3408 p.
906 3365 960 3400 ll.

2536 1285 2596 1321 sol.
2617 1288 2650 1322 2.
2669 1289 2703 1323 b.
