2904 3886
373 497 505 546 A.D.
548 501 687 553 1259.
829 497 1252 547 CHRONICA
1297 497 1398 547 DE
1445 497 1824 548 MAILROS.
2227 506 2317 548 185

147 649 207 685 sol.
227 653 284 685 59.
371 641 635 698 estimabat,
660 642 739 690 illo
767 642 998 708 quaffato‚
1022 642 1164 692 facile
1188 644 1235 692 se
1254 642 1316 691 ad
1339 643 1664 708 episcopatum
1685 643 2029 709 Glasguensem
2053 643 2180 708 pofl'e
2205 661 2314 692 con-

370 721 615 778 scendere3
635 721 765 787 quod
782 722 974 771 minime
991 722 1164 778 evenit,
1182 739 1294 771 nam
1311 722 1535 788 magister
1553 722 1583 772 J
1585 722 1798 772 ohannes
1813 722 2083 788 de'Chyum
2091 731 2188 752 mmm
2206 740 2314 772 con-

370 802 589 857 secratur,
609 809 656 850 et
672 801 733 850 ad
749 800 993 851 ecclesiam
1012 800 1356 868 Glasguensem
1373 801 1634 868 regendam
1653 820 1681 851 a
1698 802 1846 852 latere
1861 803 2038 851 domini
2058 803 2189 869 Pape
2208 803 2315 851 diri-

369 881 510 946 gitur.
563 880 667 946 Ipse
686 898 797 930 vero
818 880 876 930 R.
895 881 956 930 ad
975 881 1299 947 episcopatum
1317 881 1379 930 ad
1397 898 1542 946 quem
1559 882 1715 931 fuerat
1733 884 2054 931 consecratusn
2073 883 2313 931 emittitur.

440 960 708 1010 Willelmus
733 960 883 1010 abbas
907 961 967 1010 de
993 960 1226 1009 Neubotil
1249 961 1534 1026 pastoralem
1558 978 1720 1010 curam
1745 962 1956 1027 reliquit;
1994 962 2054 1010 ad
2079 979 2221 1028 quam
2247 980 2316 1011 re-

370 1040 578 1104 gendam
616 1040 851 1109 dompnus
886 1039 1046 1088 Adam
1086 1040 1355 1115 cellerarius
1391 1040 1451 1088 de
1487 1040 1708 1127 Melros
1699 1058 1745 1089 1n
1776 1042 1852 1089 die
1886 1043 2037 1090 sancti
2074 1042 2318 1091 Uincentii

374 1119 504 1184 [Jan.
525 1119 610 1184 22]
640 1119 841 1168 accessit.
1544 1161 1554 1167 .

438 1199 581 1247 Anno
609 1199 803 1246 Domini
827 1216 882 1247 M.
888 1180 956 1247 cc.
961 1198 1023 1247 lx.
1049 1197 1272 1264 magister
1290 1197 1537 1247 Johannes
1562 1199 1811 1264 episcopus
1830 1200 2149 1265 Glasguenfis,
2170 1203 2318 1266 petita

370 1295 399 1326 a
422 1295 536 1344 rege
567 1278 736 1328 Scocie
760 1278 953 1327 licentia
972 1286 1019 1326 et
1045 1285 1261 1344 accepta,
1281 1278 1384 1344 ejus
1409 1286 1583 1327 terram
1608 1279 1885 1345 ingreditur,
1906 1288 1953 1327 et
1972 1279 2034 1328 fic
2053 1280 2096 1327 ei
2122 1282 2318 1344 praesen-

367 1365 509 1413 tatur,
536 1376 565 1406 a
589 1375 683 1424 quo
708 1358 917 1423 benigne
950 1359 1191 1423 susceptus
1224 1358 1286 1406 ad
1317 1358 1477 1407 sedem
1514 1360 1646 1407 suam
1677 1360 2002 1407 transmittitur
2038 1359 2198 1425 ibique
2234 1362 2318 1408 sol-

368 1438 617 1503 lempniter
642 1438 998 1487 inthronizatur.

437 1518 574 1573 Item,
601 1518 749 1566 abbas
777 1518 837 1566 A.
865 1508 924 1566 de
952 1517 1289 1566 Balmurinach
1322 1519 1535 1583 regimen
1561 1519 1690 1583 quod
1725 1536 1809 1583 pro
1833 1519 2101 1567 infirmitate
2135 1519 2317 1570 diucius

368 1605 530 1646 tenere
568 1615 663 1646 non
703 1599 872 1663 potuit,
908 1598 1151 1646 success'ori
1182 1598 1281 1653 su0,
1311 1597 1486 1646 scilicet
1515 1597 1624 1646 Ade
1662 1598 1871 1663 ejusdem
1904 1599 2031 1648 domi
2066 1600 2317 1655 monacho,

370 1678 635 1743 dereliquit.
715 1678 881 1726 Abbas
910 1678 1054 1726 etiam
1090 1678 1321 1726 Patricius
1353 1677 1586 1726 Kalcouie
1611 1678 1809 1743 seipsum
1842 1677 2038 1734 demifit,
2068 1686 2116 1726 et
2147 1678 2317 1727 Henri-

370 1774 452 1806 cus
477 1758 537 1805 de
564 1757 845 1806 Lambeden
870 1758 913 1806 ei
939 1757 1161 1806 succeflit.

439 1837 571 1886 Obiit
597 1837 871 1887 Uualterus⁰
892 1837 1223 1886 Dunelmenfis
1242 1838 1504 1902 episcopus,
1523 1838 1597 1886 cui
1618 1837 1826 1886 succeffit
1847 1837 2084 1886 Robertus
2110 1838 2318 1902 ejusdem

370 1917 538 1966 domus
562 1918 839 1966 monachus.

435 1997 568 2046 Nata
593 1998 660 2046 est
684 1999 828 2047 etiam
847 1998 894 2046 in
916 1998 1095 2063 Anglia
1113 1998 1430 2063 primogenita
1449 1998 1574 2063 regis
1596 1997 1796 2053 Scotie,1³
1814 1998 2004 2046 nomine
2022 1998 2314 2063 Margareta.

437 2077 648 2126 Michael
697 2077 845 2126 abbas
886 2078 946 2126 de
984 2078 1149 2127 saneto
1196 2078 1410 2126 Seruano
1454 2077 1595 2133 ceffit,
1635 2085 1682 2125 et
1727 2077 1973 2126 Johannes
2014 2078 2115 2142 ejus
2156 2095 2316 2129 mona-

369 2157 484 2206 chus
507 2158 731 2206 successit.

120 2251 179 2286 fol.
200 2254 256 2286 59.
277 2252 310 2286 b.
437 2238 579 2286 Anno
607 2238 802 2287 Domini
825 2239 1039 2304 M.cc.lxj.
1066 2237 1183 2286 obiit
1206 2255 1332 2304 papa
1360 2238 1663 2286 Alexander‘l
1686 2238 1761 2286 cui
1786 2237 1994 2286 succeffit
2022 2237 2258 2286 Urbanus.

439 2317 575 2374 Item,
601 2318 835 2383 dompnus
861 2318 1088 2367 Matheus
1124 2317 1273 2367 abbas
1306 2319 1366 2366 de
1406 2318 1586 2366 Melros
1617 2318 1708 2383 xvj.
1746 2317 1947 2384 figillum
1975 2318 2123 2373 suum,
2155 2318 2315 2383 vigilia

370 2398 518 2445 sancti
543 2397 571 2446 J
575 2397 728 2453 acobl
764 2399 811 2446 in
836 2398 1044 2473 capitulo
1080 2399 1221 2464 priori
1244 2399 1328 2446 suo
1353 2398 1414 2446 ob
1440 2398 1758 2446 infirmitatem
1783 2398 1989 2462 corporis
2022 2397 2082 2444 ad
2116 2397 2313 2445 custodi-

371 2475 546 2524 endum
578 2467 942 2533 commendavit,
975 2485 1023 2525 et
1052 2477 1115 2525 fic
1145 2477 1366 2542 pastorali
1397 2494 1508 2526 cure
1539 2478 1775 2525 valefecit.
1848 2477 1959 2524 Post
1990 2477 2124 2541 cujus
2156 2476 2312 2525 ceffio-

367 2573 477 2603 nem
502 2555 578 2604 die
601 2557 751 2605 sancti
779 2557 906 2604 Petri
931 2556 992 2604 ad
1015 2557 1202 2605 vincula
1229 2556 1384 2622 [Aug.
1416 2556 1482 2621 1].
1510 2557 1743 2622 dompnus
1761 2556 1919 2604 Adam
1935 2555 2083 2604 abbas
2102 2556 2161 2603 de
2181 2555 2313 2604 Neu-

369 2635 485 2683 botil
510 2636 699 2702 eligitur
723 2636 1004 2685 unanimiter
1036 2654 1066 2685 a
1093 2644 1345 2692 conventu,
1373 2644 1422 2685 et
1450 2636 1735 2692 installatum
1773 2644 1820 2684 et
1852 2635 2151 2701 regimini-de
2178 2635 2310 2683 Neu-

366 2714 481 2763 botil
507 2716 756 2780 praeficitur
783 2715 928 2764 Wido
953 2708 1163 2781 ejusdem
1187 2715 1354 2765 domus
1378 2716 1624 2781 portarius.

436 2795 578 2844 Anno
606 2795 800 2844 Domini
824 2795 1054 2861 M.cc.lxij.
1094 2795 1159 2844 H.
1186 2795 1335 2845 abbas
1363 2795 1423 2844 de
1457 2795 1587 2844 Dere
1612 2813 1640 2844 a
1676 2796 1904 2862 regimine
1936 2796 2003 2843 sui
2031 2795 2191 2860 gregis
2228 2795 2308 2843 ab-

366 2875 569 2931 solvitur,
595 2883 642 2923 et
667 2875 728 2924 ad
752 2892 834 2924 eos
858 2875 1127 2942 regendos!
1196 2910 2044 2924 ...........

433 2954 543 3003 Hoc
566 2955 710 3004 etiam
735 2971 859 3004 anno
878 2954 994 3003 obiit
1013 2954 1230 3003 dominus
1257 2954 1311 3003 F.
1336 2954 1460 3004 filius
1487 2954 1708 3018 Ra5¹nulfi
1726 2962 1774 3003 et
1789 2954 1818 3003 J
1821 2954 1978 3006 uliana
1997 2953 2100 3018 ejus
2117 2954 2303 3019 sponsa,

410 3094 493 3110 ''¹¹¹⁸'‘
513 3097 666 3136 Foedera,
687 3096 709 3130 i.
726 3096 806 3137 387,
828 3098 908 3136 394,
929 3096 1010 3134 397.
1156 3094 1173 3110 ¹²
1195 3099 1218 3115 ‘⁴
1238 3095 1382 3132 Electus
1390 3096 1408 3110 ‘³
1426 3095 1489 3130 has
1506 3094 1684 3141 originally
1699 3096 1789 3130 been
1806 3094 1955 3135 written,
1975 3094 2112 3129 instead
2127 3093 2169 3129 of
2183 3098 2207 3113 “
2221 3105 2304 3129 con-

362 3152 552 3193 sectatus,”
568 3152 632 3186 but
650 3151 712 3186 has
729 3152 819 3186 been
836 3151 979 3187 marked
994 3150 1047 3186 sor
1064 3162 1214 3186 erasure.
1359 3150 1375 3166 ⁰
1398 3150 1534 3185 Walter
1558 3151 1602 3185 de
1629 3149 1799 3185 Kirkham
1823 3150 1904 3185 died
1928 3148 1992 3184 9th
2018 3150 2166 3195 August,
2199 3151 2301 3190 1260,

362 3207 433 3242 and
449 3219 520 3242 was
538 3207 734 3242 succeeded
750 3208 797 3253 by
816 3207 949 3242 Robert
969 3206 1141 3243 Stitchell.
1272 3205 1288 3226 Ρ
1309 3207 1375 3242 See
1392 3207 1530 3242 various
1548 3206 1686 3241 curious
1703 3205 1910 3241 documents
1921 3205 2116 3241 connected
2132 3205 2218 3240 with
2234 3205 2303 3239 this

348 3264 496 3309 'subject
511 3263 619 3299 inthe
638 3264 793 3304 Foedera,
812 3264 834 3298 i.
854 3266 936 3298 402.
1094 3264 1110 3284 ‘¹
1132 3263 1332 3299 Alexander
1346 3263 1408 3298 IV.
1428 3263 1508 3299 died
1524 3262 1611 3298 25th
1632 3263 1727 3310 May,
1751 3265 1852 3298 1261.
2008 3261 2020 3276 ¹
2038 3262 2071 3296 A
2087 3261 2156 3297 line
2173 3262 2202 3296 is
2219 3262 2302 3296 here

361 3319 483 3355 erased
496 3318 585 3355 from
601 3319 663 3355 the
680 3319 903 3366 manuscript.
1797 3312 1811 3325 '

856 3388 928 3423 2A
