2852 3874
365 476 499 527 A.D.
531 476 671 530 1174.
845 473 1271 524 CHRONICA
1314 473 1416 524 DE
1462 473 1850 524 MAILROS.
2238 482 2300 533 87

426 614 662 665 Henricus
693 631 776 664 rex
813 614 990 682 Anglie
1021 615 1172 665 senior
1198 615 1320 664 inter
1355 615 1446 664 hec
1481 615 1690 664 tonitrua
1715 614 1943 680 Angliam
1980 615 2123 672 venit,
2152 617 2295 666 corde

355 696 686 761 compunctus,
711 695 869 744 animo
893 695 1137 751 contrituS,
1163 695 1315 744 laneis
1342 694 1549 751 indutus,
1575 701 1623 743 et
1654 693 1855 760 pedibus
1882 693 2021 743 nudis
2054 695 2295 750 incedens,

355 790 463 823 cum
480 776 728 824 numerosa
742 775 991 841 praesulum
1005 782 1054 823 et
1071 790 1318 840 procerum
1334 773 1650 830 multitudine,
1665 774 1929 839 sepulcrum
1952 773 2080 823 beati
2107 774 2295 824 Thome

358 852 617 902 Cantuarie
640 854 688 902 in
702 853 802 919 ipso
825 854 960 919 regni
982 852 1187 919 ingreffu
1209 869 1305 918 quo
1330 853 1474 902 cicius
1497 853 1652 918 potuit
1674 853 1839 909 invifit,
1864 861 2170 918 peccatorum
2190 855 2293 903 suo-

354 948 456 982 rum
479 932 711 999 penitens,
737 939 785 980 et
806 947 977 997 pacem
999 931 1274 997 deposcens

419 1011 569 1061 Mane
599 1011 725 1060 enim
754 1011 919 1059 facto?
951 1009 1222 1059 Willelmus
1244 1025 1327 1058 rex
1356 1009 1628 1058 Scottorum
1661 1011 1789 1075 apud
1822 1010 2064 1061 Alnewic‘l
2093 1013 2291 1078 capitur,

351 1098 399 1138 et
424 1091 486 1139 ad
512 1088 812 1139 Richemund
836 1105 944 1138 cum
966 1105 1149 1138 merore
1173 1088 1375 1144 ducitur,
1401 1088 1511 1136 etin
1536 1088 1796 1137 custodiam
1820 1090 1882 1138 ad
1913 1098 2100 1156 tempus
2132 1091 2197 1140 ibi
2222 1109 2291 1140 re-

350 1177 566 1218 verenter
589 1169 863 1217 reservatur.
915 1166 1172 1232 Postquam
1196 1175 1357 1216 autem
1379 1167 1481 1233 regi
1502 1166 1680 1233 Anglie
1703 1184 1778 1216 res
1801 1169 2019 1225 innotuit,
2044 1169 2184 1234 ipfius
2207 1172 2290 1219 im·

349 1249 480 1313 perio
504 1249 553 1295 in
578 1247 924 1296 Normanniam
947 1247 1278 1312 transponitur,
1303 1254 1351 1295 et
1382 1247 1429 1294 in
1453 1247 1568 1295 turri
1592 1247 1652 1295 de
1679 1247 1878 1295 Faleifio
1909 1248 2153 1297 thesaurus
2177 1250 2290 1298 defi-

349 1326 569 1376 derabilis
592 1327 843 1375 servandus
867 1327 1121 1392 reponitur.
1195 1326 1362 1374 Dauid
1386 1343 1560 1382 comes,
1584 1327 1728 1374 frater
1752 1326 1854 1391 ejus
1871 1327 2045 1391 junior,
2071 1344 2179 1376 cum
2203 1329 2291 1376 hec

347 1400 649 1466 cognovisset,
677 1400 1052 1466 Legrecestriam
1071 1400 1130 1448 de
1149 1416 1245 1464 qua
1259 1399 1506 1465 pugnabat
1530 1400 1754 1448 velociter
1778 1401 1981 1466 reliquit,
2001 1408 2049 1449 et
2067 1402 2162 1450 sese
2181 1419 2288 1450 cum

347 1481 453 1536 suis,
479 1488 530 1529 ut
554 1481 724 1546 potuit,
749 1481 797 1528 in
827 1480 1045 1529 Scociam
1069 1479 1334 1528 transtulit!

415 1559 594 1609 Beatus
620 1559 906 1615 Bernardus,
942 1560 1118 1624 primus
1143 1559 1291 1607 abbas
1320 1558 1616 1614 Clarauallis,
1653 1576 1682 1607 a
1705 1558 1896 1607 domino
1920 1576 2046 1624 papa
2072 1559 2279 1609 Alexan-

347 1640 431 1687 dro
456 1640 601 1688 tercio
626 1640 673 1687 in
692 1639 808 1687 urbe
830 1639 984 1687 Roma
1002 1639 1316 1703 sollempniter
1341 1638 1670 1693 auctorizatur,
1691 1646 1738 1686 et
1761 1639 1809 1686 in
1834 1638 2086 1704 cathalogo
2110 1656 2286 1688 memo-

348 1720 463 1768 riam
488 1719 591 1784 ejus
615 1718 766 1774 scribi,
793 1718 1075 1766 auctoritate
1100 1717 1372 1783 apostolica,
1399 1717 1709 1765 constituitur.

415 1799 556 1847 Anno
581 1799 809 1847 M.c.lxxv.
840 1797 1108 1846 Willelmus
1132 1813 1214 1845 rex
1244 1796 1423 1845 Scottie
1459 1813 1567 1844 cum
1600 1797 1691 1844 suis
1727 1797 1786 1844 de
1813 1796 2023 1845 custodia
2057 1797 2194 1846 rediit
2226 1798 2285 1845 ad

345 1879 461 1926 sua?
529 1877 796 1925 Jocelinust
819 1876 1013 1924 ecclefie
1041 1875 1382 1942 Glasguenfis*
1410 1876 1593 1923 electus
1617 1892 1675 1923 ex
1698 1875 1923 1923 mandato
1947 1875 2124 1924 domini
2148 1893 2285 1941 papae

349 1956 607 2005 Alexandri
637 1956 702 2020 iij.
743 1957 790 2003 in
823 1956 1094 2021 episcopum
1132 1955 1429 2003 consecratus
1460 1954 1528 2002 est
1565 1972 1593 2002 a
1624 1954 1814 2002 domino
1847 1953 2008 2002 Eskilo
2047 1954 2285 2004 Lundenfi

344 2035 710 2100 archiepiscopo,
727 2035 847 2083 sedis
863 2034 1116 2099 apostolice
1134 2034 1296 2099 legato
1311 2041 1359 2081 et
1377 2034 1521 2082 totius
1539 2033 1696 2081 Dacie
1712 2034 1926 2098 primate,
1936 2034 1983 2080 in
1998 2033 2281 2082 Claraualle.

412 2114 705 2163 Laurencius
723 2113 983 2162 monachus
1000 2113 1170 2168 noster,
1190 2112 1430 2178 quondam
1450 2111 1636 2176 abbas†
1656 2112 1704 2159 in
1723 2111 1945 2166 Orcadia,
1964 2112 2013 2176 ij.
2040 2111 2144 2160 idus
2164 2112 2283 2160 Maii

346 2194 488 2259 [Maij
517 2194 596 2258 14]
627 2194 809 2242 electus
845 2193 927 2249 est,
959 2200 1007 2241 et
1034 2193 1082 2241 in
1110 2192 1310 2241 crastina
1338 2191 1414 2240 die
1440 2190 1716 2239 ascenfionis
1743 2191 1941 2239 Domini
1970 2191 2111 2256 [Maij
2140 2192 2225 2256 21]
2254 2210 2282 2239 a

342 2273 372 2321 J
375 2273 558 2322 ocelino
575 2274 794 2338 episcopo
814 2271 1108 2338 Glasguenfi,
1134 2272 1181 2319 in
1206 2271 1402 2319 ecclefia
1424 2278 1584 2319 nostra
1602 2270 1858 2319 honorifice
1882 2271 1929 2318 in
1955 2269 2179 2322 abbatem
2194 2270 2273 2318 be-

342 2353 576 2401 nedictus.

410 2431 623 2480 Ecclefia
646 2431 925 2480 Clareuallis
949 2431 1217 2486 dedicatum
1241 2430 1437 2495 reliquie
1462 2429 1611 2478 sancti
1638 2428 1867 2477 Bernardi
1890 2428 2169 2477 Clareuallis
2201 2429 2281 2476 ab·

342 2512 464 2559 batis
487 2511 638 2575 primi,
662 2511 918 2559 honorifice
942 2509 1161 2558 transsate
1181 2517 1228 2558 et
1242 2510 1290 2557 in
1306 2508 1501 2557 ecclefia
1514 2510 1672 2557 locate
1688 2509 1807 2563 sunt,
1827 2524 1886 2556 ea
1909 2508 2170 2556 reverentia
2187 2525 2281 2572 que

342 2591 557 2638 sanctum
581 2589 756 2638 decuit.
2176 2643 2178 2645 ,

411 2668 624 2717 Comites
639 2677 686 2716 et
710 2668 926 2724 barones,
946 2676 993 2716 et
1009 2685 1173 2716 omnes
1191 2668 1394 2732 maiores
1413 2675 1461 2716 et
1479 2667 1767 2732 potentiores
1783 2682 1866 2732 per
1881 2682 2081 2731 regnum
2098 2666 2274 2721 Scotie‚

386 2784 401 2803 Ρ
414 2784 511 2818 Lord
523 2784 644 2818 Hailes
654 2783 786 2829 objects
796 2789 834 2817 to
851 2782 914 2818 the
926 2783 1080 2828 veracity
1092 2782 1134 2817 of
1143 2782 1205 2817 the
1216 2782 1451 2823 coincidence,
1471 2793 1509 2817 as
1523 2782 1674 2817 detailed
1690 2783 1737 2827 by
1749 2782 1909 2816 Hoveden
1923 2780 1994 2816 and
2007 2781 2197 2826 Newbury5
2214 2781 2278 2814 but

347 2841 495 2875 Ger-vase
512 2838 673 2874 confirms
697 2838 735 2879 it,
755 2839 802 2884 by
814 2837 943 2883 stating
957 2837 1036 2872 that
1054 2837 1178 2883 Hem-y
1194 2837 1258 2872 lest
1285 2837 1503 2882 Canterbury
1514 2848 1566 2871 on
1586 2837 1768 2882 Saturday‚
1788 2836 1872 2881 July
1891 2838 1945 2876 13,
1974 2835 2039 2870 col.
2063 2837 2152 2874 1427
2161 2849 2171 2875 ;
2183 2846 2278 2870 com-

338 2906 420 2941 pare
434 2895 508 2929 also
525 2894 587 2929 the
605 2899 810 2928 statements
828 2892 870 2927 of
882 2893 1052 2933 Hoveden,
1072 2891 1132 2926 fol.
1152 2894 1245 2931 3083
1264 2892 1323 2926 M.
1345 2893 1456 2933 Paris,
1475 2903 1512 2937 p.
1531 2894 1598 2931 903
1626 2893 1675 2926 W.
1695 2891 1868 2936 Newbrig.
1886 2890 1921 2925 ii.
1941 2892 1998 2924 34.
2052 2890 2093 2924 In
2109 2890 2172 2924 the
2188 2901 2277 2924 mar-

335 2952 393 2996 gin
411 2950 452 2985 of
462 2950 524 2984 the
542 2949 766 2994 manuscript,
796 2953 820 2968 “
831 2948 952 2994 capeio
969 2947 1056 2992 regi-s
1078 2947 1244 2981 Willelmi
1264 2947 1498 2982 Scottorum.’'
1739 2944 1755 2965 ‘¹
1777 2946 1843 2980 See
1862 2945 2058 2990 Brompton,
2072 2945 2140 2980 col.
2162 2947 2250 2980 1091
2267 2960 2277 2985 ;

344 3007 502 3047 Ger-vase,
526 3007 640 3046 1427;
673 3006 802 3039 Hoved.
816 3004 876 3038 sol.
897 3005 988 3043 308;
1022 3003 1081 3037 M.
1108 3003 1219 3043 Paris,
1239 3014 1275 3048 p.
1294 3004 1364 3042 903
1391 3003 1455 3036 but
1483 3002 1596 3036 above
1624 3000 1681 3042 all,
1716 3001 1764 3036 W.
1785 3001 1957 3047 Newbrig.
1979 3000 2014 3036 ii.
2034 3002 2091 3042 33,
2118 2999 2190 3035 and
2216 3001 2279 3035 the

334 3061 520 3108 preceding
545 3060 719 3106 chapters.
899 3058 911 3074 ¹
928 3059 995 3094 See
1013 3059 1209 3104 Brompton,
1238 3057 1305 3092 col.
1328 3059 1429 3097 1090,
1453 3058 1565 3096 1093;
1601 3056 1650 3091 W.
1667 3056 1838 3101 Newbrig.
1866 3055 1900 3090 ii.
1920 3058 1978 3090 31.
2172 3055 2184 3071 ”
2206 3055 2276 3091 Ac-

334 3116 478 3162 cording
493 3122 532 3151 to
551 3116 703 3156 Fordun,
723 3114 769 3149 he
785 3113 951 3149 returned
967 3115 1076 3148 about
1092 3113 1140 3148 2d
1160 3113 1244 3147 Feb.
1265 3112 1448 3156 [1174-5].
1502 3111 1582 3146 The
1606 3110 1744 3146 charter
1767 3112 1814 3157 by
1830 3110 1947 3146 which
1964 3110 2010 3145 he
2036 3110 2204 3146 obtained
2220 3110 2274 3146 his

333 3172 459 3219 liberty
481 3171 511 3206 is
531 3170 670 3217 printed
692 3170 730 3205 in
753 3169 816 3205 the
843 3170 938 3204 Faed.
964 3169 987 3204 i.
1015 3171 1073 3203 30.
1266 3166 1279 3187 ⁴²
1299 3166 1456 3202 Joceline
1481 3166 1552 3202 had
1574 3165 1776 3213 previously
1798 3166 1889 3201 been
1914 3166 2020 3201 abbat
2044 3165 2087 3201 of
2110 3165 2274 3201 Melrose.

338 3231 354 3247 ·
376 3227 434 3263 On
450 3226 513 3262 the
530 3226 673 3272 margin,
691 3226 728 3260 in
744 3225 806 3261 red
819 3224 951 3266 letters,
974 3229 999 3245 “
1017 3224 1038 3259 J
1041 3223 1196 3260 ocelinus
1214 3222 1400 3269 episcopus
1421 3221 1572 3267 Glasg’.”
1725 3223 1745 3266 †
1761 3221 1819 3257 On
1835 3221 1897 3257 the
1908 3221 2050 3268 margin.
2069 3221 2106 3256 in
2122 3221 2185 3257 red
2200 3221 2271 3263 ink,

339 3287 362 3302 “
380 3293 414 3318 v.
429 3283 536 3319 abbas
549 3282 593 3318 de
613 3281 748 3317 Melr’.”
