2904 3886
573 518 667 567 186
1044 512 1468 563 CHRONICA
1513 510 1614 560 DE
1644 509 2047 560 MAILROS.
2202 510 2507 563 A.D.1262.

572 664 771 723 quorum
796 671 992 719 corpora
1016 653 1077 701 ad
1103 652 1390 700 Melrosense
1415 650 1668 699 cenobium
1692 651 1796 699 sunt
1820 650 1995 705 delata,
2028 658 2174 715 atque
2201 651 2251 701 in
2285 651 2364 702 die
2393 669 2511 704 cene

571 736 825 785 honorifice
849 733 1082 782 tumulata
1120 731 1263 796 [Maij
1297 729 1397 796 18].

638 815 822 863 Eodem
848 829 985 860 anno
997 811 1113 860 obiit
1140 810 1324 860 Alanus
1348 810 1597 875 episcopus
1623 809 1854 875 Ergadie,
1879 809 1955 859 cui
1981 809 2192 859 succeffit
2219 808 2514 861 Laurencius

575 894 676 959 [de]
709 892 937 956 Ergadia,
962 892 1108 939 frater
1132 890 1192 939 de
1216 889 1382 939 ordine
1406 889 1803 955 praedicatorum.⁸

575 1118 838 1173 QUONIAM,
859 1124 909 1163 ut
926 1115 1038 1162 dicit
1059 1114 1250 1179 Papias,
1270 1113 1570 1179 distinctione
1586 1102 1725 1162 tertia
1744 1112 2071 1171 Elementarii,
2094 1113 2335 1164 Chronica
2353 1115 2514 1165 dicun-

702 1205 776 1243 tur
814 1195 1133 1244 enarrationes
1167 1201 1433 1260 temporum
1467 1194 1832 1259 praeteritorum3
1870 1194 1944 1242 vel
1989 1193 2228 1244 Chronica
2255 1195 2513 1244 secundum

703 1275 941 1340 quendam
967 1274 1110 1322 alium
1135 1273 1321 1338 pofl'unt
1346 1273 1438 1321 dici
1469 1273 1612 1322 testes
1630 1273 1871 1338 temporis,
1903 1273 2265 1323 dilucidationes
2288 1275 2513 1330 veritatis,

704 1356 929 1404 memorie
967 1353 1322 1410 recordationis,
1353 1353 1528 1401 nuncia
1567 1352 1834 1409 vetustatis;
1871 1353 1979 1402 ideo
2014 1353 2264 1419 postquam
2301 1355 2515 1419 injuncta

702 1436 791 1483 fuit
815 1434 955 1482 michi
982 1451 1094 1481 cura
1119 1433 1446 1481 chronicorum
1470 1433 1798 1481 faciendorum
1822 1433 2002 1498 placuit
2020 1449 2242 1482 revocare
2261 1434 2322 1482 ad
2340 1451 2517 1484 memo-

703 1516 818 1563 riam
834 1514 1059 1562 nonnulla
1077 1513 1338 1569 miracula,t
1353 1530 1461 1561 cum
1481 1512 1752 1578 adjectione
1771 1512 2122 1560 enarrationum
2140 1519 2406 1578 temporum
2420 1515 2519 1562 suc-

703 1594 987 1649 cedentium,
1013 1593 1183 1658 partim
1209 1592 1269 1640 ab
1295 1592 1470 1640 eisdem
1494 1599 1804 1647 narratarum,
1828 1591 2000 1657 partim
2020 1609 2049 1640 a
2066 1591 2243 1657 meipso
2262 1593 2516 1640 narranda-

702 1693 819 1729 rum,
862 1691 954 1738 que
988 1674 1047 1721 de
1072 1673 1306 1738 preteritis
1345 1671 1638 1737 temporibus
1673 1673 1779 1720 sunt
1814 1671 1977 1720 omifl'a
2003 1689 2033 1719 a
2057 1672 2413 1737 cronographis,
2438 1674 2518 1738 qui

702 1772 860 1803 curam
887 1754 1180 1802 cronicorum
1205 1760 1315 1800 ante
1339 1769 1416 1800 me
1441 1751 1692 1817 gefferunt.
1768 1751 2023 1817 Indignum
2049 1751 2175 1799 enim
2199 1752 2266 1800 est
2291 1759 2343 1799 ut
2366 1760 2519 1817 prete-

702 1843 891 1882 reantur
914 1851 1009 1881 non
1034 1834 1203 1898 scripta
1228 1850 1286 1881 ea
1310 1832 1537 1880 miracula
1562 1849 1655 1897 que
1683 1831 1819 1880 Deus
1843 1831 1957 1880 fecit
1993 1849 2077 1896 pro
2108 1832 2217 1880 viris
2248 1832 2521 1882 orthodoxis

703 1926 812 1956 vere
845 1908 1108 1956 sanctitatis
1141 1907 1388 1971 multiplici
1430 1906 1616 1961 merito,
1658 1907 1705 1953 in
1749 1907 2123 1972 congregatione
2161 1905 2519 1955 Melrosenfium

704 1988 1043 2036 monachorum
1068 1986 1311 2052 infignitis.
1384 1986 1449 2034 Et
1474 1986 1648 2034 idcirco
1683 1986 1911 2051 imprimis
1936 1986 2180 2051 cujusdam
2205 1986 2392 2052 gloriofi
2415 2004 2514 2034 mo-

707 2067 848 2115 nachi
874 2067 1083 2131 ejusdem
1108 2065 1293 2113 cenobii
1317 2066 1594 2114 memoriam
1619 2073 1667 2113 et
1691 2082 1865 2114 nomen
1883 2066 1961 2113 hic
1984 2073 2162 2114 retexo.

645 2160 773 2208 FmT
791 2161 838 2206 in
858 2159 1025 2206 diebus
1043 2158 1323 2206 venerabilis
1348 2158 1535 2206 abbatis
1559 2158 1619 2205 de
1646 2158 1825 2206 Melros
1847 2158 2005 2206 Adam
2025 2159 2085 2206 de
2106 2158 2398 2208 Harcarresu
2416 2161 2517 2225 qui-

576 2240 684 2286 dam
711 2239 828 2286 alius
856 2238 1014 2286 Adam
1039 2255 1180 2302 quem
1198 2238 1435 2285 nominavi
1454 2237 1748 2285 Monachum
1765 2237 2034 2302 gloriosum,
2053 2238 2112 2287 de
2128 2239 2368 2303 provincia
2389 2239 2516 2288 Ebo-

577 2318 752 2366 racenfi
778 2318 1017 2365 oriundus.
1069 2316 1163 2364 Hic
1188 2334 1295 2364 cum
1321 2317 1529 2380 quadam
1554 2316 1631 2365 die
1656 2316 1769 2364 effet
1793 2318 1841 2365 in
1865 2318 2090 2382 pomaerio
2109 2319 2293 2383 praefati
2314 2319 2515 2375 cenobii,

576 2415 669 2445 non
694 2398 788 2445 fine
814 2398 1011 2461 alicujus
1035 2397 1249 2445 utilitatis
1273 2398 1429 2452 causa,
1455 2413 1565 2444 mox
1595 2404 1645 2444 ut
1678 2396 1856 2445 audivit
1887 2397 2089 2462 primum
2123 2397 2307 2463 fignum
2338 2400 2518 2464 vesper-

577 2479 671 2525 tine
702 2479 928 2541 synaxeos
963 2477 1212 2542 pulsatum,
1248 2493 1504 2541 properans
1537 2477 1597 2524 ad
1630 2476 1875 2525 ecclefiam
1909 2477 2025 2526 vidit
2057 2477 2240 2526 eminus
2271 2478 2518 2543 posticium

578 2565 709 2620 porte
734 2574 816 2622 per
841 2557 969 2621 quod
988 2557 1089 2621 jam
1114 2556 1257 2621 paulo
1282 2563 1392 2604 ante
1417 2556 1629 2604 tranfiret
1652 2557 1950 2621 patefactum
1975 2574 2084 2605 cum
2119 2558 2292 2606 rediret
2323 2565 2434 2607 ante
2471 2560 2518 2607 se

577 2638 676 2684 sera
699 2637 889 2684 firmiter
914 2636 1196 2691 obseratum,
1228 2635 1538 2684 claudebatur
1568 2635 1773 2685 fimiliter
1803 2644 1850 2685 et
1878 2644 2015 2702 porta
2046 2637 2239 2703 grandis
2266 2638 2389 2687 illius
2417 2640 2518 2703 pos-

578 2717 671 2763 ticii
697 2718 796 2764 sera
819 2716 1074 2770 forfiffima,
1101 2715 1226 2763 unde
1250 2715 1365 2780 quid
1389 2723 1502 2764 tunc
1527 2723 1692 2781 ageret
1727 2717 1918 2764 omnino
1947 2717 2197 2783 ignoravit.
2270 2718 2400 2767 Dum
2432 2719 2517 2770 ita-

578 2814 669 2860 que
694 2796 834 2844 staret
859 2803 968 2843 ante
992 2803 1176 2860 portam
1201 2796 1248 2843 in
1274 2795 1490 2860 augustia
1515 2796 1668 2844 cordis
1691 2797 1775 2851 sui,
1801 2813 1914 2846 ecce
1938 2796 2091 2846 subito
2124 2797 2345 2855 divinitus
2379 2799 2517 2864 posti-

579 2876 701 2922 cium
720 2893 803 2940 per
827 2877 874 2924 se
900 2883 1115 2940 apertum
1139 2875 1207 2923 est
1231 2875 1290 2930 ei,
1315 2892 1399 2939 per
1423 2875 1553 2939 quod
1578 2876 1639 2923 ad
1663 2883 1825 2925 votum
1858 2877 2015 2926 exivit.
2088 2876 2164 2925 Ex
2198 2894 2294 2942 qua
2325 2895 2375 2927 re
2406 2895 2517 2943 pen-

581 2956 775 3003 sandum
800 2956 867 3004 est
891 2955 1020 3020 quod
1044 2956 1090 3004 se
1114 2954 1243 3004 facili
1278 2955 1466 3003 intravit
1501 2955 1547 3003 in
1580 2972 1779 3021 regnum
1811 2957 2036 3013 celorum,
2061 2957 2142 3023 qui
2171 2957 2231 3005 de
2260 2964 2359 3006 tam
2389 2957 2516 3006 facili

579 3035 745 3081 meruit
782 3035 957 3082 habere
990 3034 1236 3099 posticium
1268 3035 1451 3082 fortiter
1483 3035 1692 3083 clausum
1722 3054 1750 3084 a
1782 3036 1890 3085 Deo
1918 3036 1981 3085 fic
2011 3036 2094 3084 fibi
2126 3037 2396 3084 reseratum.
2470 3035 2515 3083 Ο

627 3200 707 3241 'At
724 3201 784 3235 the
802 3203 936 3236 bottom
953 3202 994 3237 of
1014 3202 1083 3238 this
1108 3215 1195 3248 page
1219 3215 1278 3239 are
1303 3203 1438 3238 several
1459 3203 1549 3238 lines
1574 3203 1712 3238 written
1729 3203 1815 3239 with
1839 3216 1863 3239 a
1884 3203 1986 3252 style,
2005 3202 2211 3250 apparently
2226 3201 2370 3237 relative
2394 3208 2432 3237 to
2453 3202 2516 3237 the

578 3257 690 3300 abbey
707 3256 747 3289 of
760 3256 863 3296 Beer,
884 3259 946 3291 but
962 3258 1046 3304 they
1063 3270 1121 3294 are
1138 3265 1200 3294 too
1216 3258 1323 3294 much
1339 3257 1486 3294 defaced
1501 3264 1540 3294 to
1552 3259 1596 3294 be
1612 3259 1746 3305 legible.
1903 3258 1915 3279 ²
1937 3259 2018 3295 The
2035 3257 2160 3293 vord‘
2166 3257 2370 3293 ‘miracula’'
2386 3258 2415 3293 is
2433 3258 2516 3294 here

578 3311 729 3345 inserted
746 3311 832 3345 from
845 3312 906 3346 the
924 3313 1062 3357 margin.
1210 3312 1457 3348 ”Translated
1473 3320 1512 3348 to
1532 3313 1684 3349 Melrose
1701 3314 1764 3349 6th
1785 3314 1923 3359 August
1942 3315 2045 3354 1219,
2065 3313 2135 3349 and
2151 3313 2255 3348 died
2246 3325 2282 3348 m
2302 3315 2403 3348 1245.

2589 1119 2650 1155 fol.
2670 1124 2729 1157 60.
