<?xml version="1.0" encoding="UTF-8"?>
<!DOCTYPE html PUBLIC "-//W3C//DTD XHTML 1.0 Transitional//EN"
    "http://www.w3.org/TR/xhtml1/DTD/xhtml1-transitional.dtd">
<html xmlns="http://www.w3.org/1999/xhtml" xml:lang="en" lang="en">
 <head>
  <title>
</title>
<meta http-equiv="Content-Type" content="text/html;charset=utf-8" />
  <meta name='ocr-system' content='tesseract 3.04.00' />
  <meta name='ocr-capabilities' content='ocr_page ocr_carea ocr_par ocr_line ocrx_word'/>
</head>
<body>
  <div class='ocr_page' id='page_1' title='image "./chronicdemailros00melruoft_0161.png"; bbox 0 0 2846 3874; ppageno 0'>
   <div class='ocr_carea' id='block_1_1' title="bbox 0 3168 35 3874">
    <p class='ocr_par' dir='ltr' id='par_1_1' title="bbox 0 3168 35 3874">
     <span class='ocr_line' id='line_1_1' title="bbox 0 3168 35 3874; baseline 0 0"><span class='ocrx_word' id='word_1_1' title='bbox 0 3168 35 3874; x_wconf 95' lang='lat' dir='ltr'><strong> </strong></span> 
     </span>
    </p>
   </div>
   <div class='ocr_carea' id='block_1_2' title="bbox 104 1996 294 2031">
    <p class='ocr_par' dir='ltr' id='par_1_2' title="bbox 104 1996 294 2031">
     <span class='ocr_line' id='line_1_2' title="bbox 104 1996 294 2031; baseline 0 -1"><span class='ocrx_word' id='word_1_2' title='bbox 104 1996 163 2030; x_wconf 86' lang='lat' dir='ltr'><strong>fol.</strong></span> <span class='ocrx_word' id='word_1_3' title='bbox 184 1998 240 2030; x_wconf 82' lang='lat'><strong>33.</strong></span> <span class='ocrx_word' id='word_1_4' title='bbox 261 1996 294 2031; x_wconf 93' lang='lat' dir='ltr'><strong>b.</strong></span> 
     </span>
    </p>
   </div>
   <div class='ocr_carea' id='block_1_3' title="bbox 352 484 2293 544">
    <p class='ocr_par' dir='ltr' id='par_1_3' title="bbox 352 484 2293 544">
     <span class='ocr_line' id='line_1_3' title="bbox 352 484 2293 544; baseline 0 -8"><span class='ocrx_word' id='word_1_5' title='bbox 352 487 484 538; x_wconf 90' lang='grc' dir='ltr'><strong>Α.Ι).</strong></span> <span class='ocrx_word' id='word_1_6' title='bbox 516 487 658 537; x_wconf 87' lang='grc'><strong>1216.</strong></span> <span class='ocrx_word' id='word_1_7' title='bbox 821 485 1250 536; x_wconf 89' lang='lat' dir='ltr'><strong>CHRONICA</strong></span> <span class='ocrx_word' id='word_1_8' title='bbox 1294 484 1395 535; x_wconf 91' lang='lat' dir='ltr'><strong>DE</strong></span> <span class='ocrx_word' id='word_1_9' title='bbox 1441 484 1826 537; x_wconf 87' lang='lat' dir='ltr'><strong>MAILROS.</strong></span> <span class='ocrx_word' id='word_1_10' title='bbox 2202 493 2293 544; x_wconf 83' lang='lat'><strong>127</strong></span> 
     </span>
    </p>
   </div>
   <div class='ocr_carea' id='block_1_4' title="bbox 337 625 2290 2916">
    <p class='ocr_par' dir='ltr' id='par_1_4' title="bbox 337 625 2290 2837">
     <span class='ocr_line' id='line_1_4' title="bbox 345 625 2289 694; baseline 0 -17"><span class='ocrx_word' id='word_1_11' title='bbox 345 628 463 677; x_wconf 88' lang='lat' dir='ltr'><strong>culis</strong></span> <span class='ocrx_word' id='word_1_12' title='bbox 480 627 760 677; x_wconf 83' lang='lat' dir='ltr'><strong>sufficienter</strong></span> <span class='ocrx_word' id='word_1_13' title='bbox 777 627 961 684; x_wconf 92' lang='lat' dir='ltr'><strong>muniti,</strong></span> <span class='ocrx_word' id='word_1_14' title='bbox 975 626 1319 694; x_wconf 86' lang='lat' dir='ltr'><strong>prominebant.</strong></span> <span class='ocrx_word' id='word_1_15' title='bbox 1372 625 1454 675; x_wconf 82' lang='lat' dir='ltr'><strong>Ad</strong></span> <span class='ocrx_word' id='word_1_16' title='bbox 1469 625 1561 676; x_wconf 91' lang='lat' dir='ltr'><strong>hoc</strong></span> <span class='ocrx_word' id='word_1_17' title='bbox 1583 625 1923 693; x_wconf 64' lang='lat' dir='ltr'><strong>spefil’aculum,</strong></span> <span class='ocrx_word' id='word_1_18' title='bbox 1941 633 2038 676; x_wconf 85' lang='lat' dir='ltr'><strong>tam</strong></span> <span class='ocrx_word' id='word_1_19' title='bbox 2054 627 2289 677; x_wconf 89' lang='lat' dir='ltr'><strong>insolitum</strong></span> 
     </span>
     <span class='ocr_line' id='line_1_5' title="bbox 346 705 2290 774; baseline 0 -17"><span class='ocrx_word' id='word_1_20' title='bbox 346 724 492 774; x_wconf 86' lang='lat' dir='ltr'><strong>quam</strong></span> <span class='ocrx_word' id='word_1_21' title='bbox 515 706 816 763; x_wconf 89' lang='lat' dir='ltr'><strong>horrendum,</strong></span> <span class='ocrx_word' id='word_1_22' title='bbox 840 714 940 756; x_wconf 88' lang='lat' dir='ltr'><strong>tam</strong></span> <span class='ocrx_word' id='word_1_23' title='bbox 964 707 1237 756; x_wconf 87' lang='lat' dir='ltr'><strong>conversum</strong></span> <span class='ocrx_word' id='word_1_24' title='bbox 1261 722 1406 773; x_wconf 89' lang='lat' dir='ltr'><strong>quam</strong></span> <span class='ocrx_word' id='word_1_25' title='bbox 1429 705 1707 756; x_wconf 88' lang='lat' dir='ltr'><strong>servientem</strong></span> <span class='ocrx_word' id='word_1_26' title='bbox 1726 706 1860 755; x_wconf 88' lang='lat' dir='ltr'><strong>suum</strong></span> <span class='ocrx_word' id='word_1_27' title='bbox 1883 706 2022 756; x_wconf 89' lang='lat' dir='ltr'><strong>timor</strong></span> <span class='ocrx_word' id='word_1_28' title='bbox 2052 707 2216 757; x_wconf 80' lang='lat' dir='ltr'><strong>invasit</strong></span> <span class='ocrx_word' id='word_1_29' title='bbox 2241 717 2290 758; x_wconf 92' lang='lat' dir='ltr'><strong>et</strong></span> 
     </span>
     <span class='ocr_line' id='line_1_6' title="bbox 346 784 2289 852; baseline 0 -16"><span class='ocrx_word' id='word_1_30' title='bbox 346 796 550 844; x_wconf 88' lang='lat' dir='ltr'><strong>tremor;</strong></span> <span class='ocrx_word' id='word_1_31' title='bbox 585 795 634 837; x_wconf 86' lang='lat' dir='ltr'><strong>et</strong></span> <span class='ocrx_word' id='word_1_32' title='bbox 658 787 724 836; x_wconf 89' lang='lat' dir='ltr'><strong>ait</strong></span> <span class='ocrx_word' id='word_1_33' title='bbox 759 787 963 836; x_wconf 87' lang='lat' dir='ltr'><strong>serviens</strong></span> <span class='ocrx_word' id='word_1_34' title='bbox 987 785 1049 835; x_wconf 93' lang='lat' dir='ltr'><strong>ad</strong></span> <span class='ocrx_word' id='word_1_35' title='bbox 1073 786 1363 842; x_wconf 90' lang='lat' dir='ltr'><strong>conversum,</strong></span> <span class='ocrx_word' id='word_1_36' title='bbox 1387 794 1418 816; x_wconf 84' lang='lat'><strong>‘⁶</strong></span> <span class='ocrx_word' id='word_1_37' title='bbox 1441 785 1680 852; x_wconf 85' lang='lat' dir='ltr'><strong>magister,</strong></span> <span class='ocrx_word' id='word_1_38' title='bbox 1703 784 1819 852; x_wconf 90' lang='lat' dir='ltr'><strong>quid</strong></span> <span class='ocrx_word' id='word_1_39' title='bbox 1850 793 1990 851; x_wconf 91' lang='lat' dir='ltr'><strong>putas</strong></span> <span class='ocrx_word' id='word_1_40' title='bbox 2012 785 2094 835; x_wconf 88' lang='lat' dir='ltr'><strong>fibi</strong></span> <span class='ocrx_word' id='word_1_41' title='bbox 2127 787 2289 836; x_wconf 91' lang='lat' dir='ltr'><strong>volunt</strong></span> 
     </span>
     <span class='ocr_line' id='line_1_7' title="bbox 347 864 2290 933; baseline 0 -17"><span class='ocrx_word' id='word_1_42' title='bbox 347 867 468 916; x_wconf 87' lang='lat' dir='ltr'><strong>ista?</strong></span> <span class='ocrx_word' id='word_1_43' title='bbox 506 866 719 933; x_wconf 91' lang='lat' dir='ltr'><strong>nunquid</strong></span> <span class='ocrx_word' id='word_1_44' title='bbox 742 874 883 933; x_wconf 85' lang='lat' dir='ltr'><strong>putas</strong></span> <span class='ocrx_word' id='word_1_45' title='bbox 907 865 1008 915; x_wconf 89' lang='lat' dir='ltr'><strong>dies</strong></span> <span class='ocrx_word' id='word_1_46' title='bbox 1023 865 1191 931; x_wconf 89' lang='lat' dir='ltr'><strong>judicii</strong></span> <span class='ocrx_word' id='word_1_47' title='bbox 1217 864 1474 914; x_wconf 85' lang='lat' dir='ltr'><strong>advenit?”</strong></span> <span class='ocrx_word' id='word_1_48' title='bbox 1502 864 1568 914; x_wconf 92' lang='lat' dir='ltr'><strong>Et</strong></span> <span class='ocrx_word' id='word_1_49' title='bbox 1585 864 1681 922; x_wconf 90' lang='lat' dir='ltr'><strong>ille,</strong></span> <span class='ocrx_word' id='word_1_50' title='bbox 1706 873 1736 895; x_wconf 92' lang='lat'><strong>“</strong></span> <span class='ocrx_word' id='word_1_51' title='bbox 1754 881 2075 932; x_wconf 84' lang='lat' dir='ltr'><strong>nequaquam,</strong></span> <span class='ocrx_word' id='word_1_52' title='bbox 2093 866 2180 923; x_wconf 88' lang='lat' dir='ltr'><strong>fili;</strong></span> <span class='ocrx_word' id='word_1_53' title='bbox 2209 867 2290 916; x_wconf 91' lang='lat' dir='ltr'><strong>sed</strong></span> 
     </span>
     <span class='ocr_line' id='line_1_8' title="bbox 346 943 2288 1012; baseline 0.001 -17"><span class='ocrx_word' id='word_1_54' title='bbox 346 948 540 997; x_wconf 87' lang='lat' dir='ltr'><strong>virtutes</strong></span> <span class='ocrx_word' id='word_1_55' title='bbox 560 947 654 996; x_wconf 94' lang='lat' dir='ltr'><strong>Dei</strong></span> <span class='ocrx_word' id='word_1_56' title='bbox 672 946 1008 1012; x_wconf 89' lang='lat' dir='ltr'><strong>omnipotentis</strong></span> <span class='ocrx_word' id='word_1_57' title='bbox 1025 946 1146 1001; x_wconf 92' lang='lat' dir='ltr'><strong>sunt,</strong></span> <span class='ocrx_word' id='word_1_58' title='bbox 1164 944 1247 1010; x_wconf 90' lang='lat' dir='ltr'><strong>qui</strong></span> <span class='ocrx_word' id='word_1_59' title='bbox 1269 960 1354 1009; x_wconf 91' lang='lat' dir='ltr'><strong>pro</strong></span> <span class='ocrx_word' id='word_1_60' title='bbox 1372 944 1616 994; x_wconf 91' lang='lat' dir='ltr'><strong>voluntate</strong></span> <span class='ocrx_word' id='word_1_61' title='bbox 1640 945 1739 1000; x_wconf 89' lang='lat' dir='ltr'><strong>sua,</strong></span> <span class='ocrx_word' id='word_1_62' title='bbox 1757 943 1905 1010; x_wconf 90' lang='lat' dir='ltr'><strong>figna,</strong></span> <span class='ocrx_word' id='word_1_63' title='bbox 1929 953 2165 1011; x_wconf 90' lang='lat' dir='ltr'><strong>portenta,</strong></span> <span class='ocrx_word' id='word_1_64' title='bbox 2183 963 2288 1012; x_wconf 88' lang='lat' dir='ltr'><strong>pro·</strong></span> 
     </span>
     <span class='ocr_line' id='line_1_9' title="bbox 346 1022 2286 1093; baseline -0.001 -17"><span class='ocrx_word' id='word_1_65' title='bbox 346 1026 477 1093; x_wconf 86' lang='lat' dir='ltr'><strong>digia</strong></span> <span class='ocrx_word' id='word_1_66' title='bbox 499 1027 616 1076; x_wconf 87' lang='lat' dir='ltr'><strong>facit</strong></span> <span class='ocrx_word' id='word_1_67' title='bbox 641 1033 689 1075; x_wconf 91' lang='lat' dir='ltr'><strong>et</strong></span> <span class='ocrx_word' id='word_1_68' title='bbox 712 1024 997 1074; x_wconf 86' lang='lat' dir='ltr'><strong>mirabilia.”</strong></span> <span class='ocrx_word' id='word_1_69' title='bbox 1067 1023 1134 1072; x_wconf 91' lang='lat' dir='ltr'><strong>Et</strong></span> <span class='ocrx_word' id='word_1_70' title='bbox 1168 1022 1343 1088; x_wconf 90' lang='lat' dir='ltr'><strong>adjecit</strong></span> <span class='ocrx_word' id='word_1_71' title='bbox 1378 1023 1596 1079; x_wconf 72' lang='lat' dir='ltr'><strong>servienS,</strong></span> <span class='ocrx_word' id='word_1_72' title='bbox 1622 1031 1653 1053; x_wconf 85' lang='lat'><strong>“</strong></span> <span class='ocrx_word' id='word_1_73' title='bbox 1669 1022 1827 1072; x_wconf 89' lang='lat' dir='ltr'><strong>audivi</strong></span> <span class='ocrx_word' id='word_1_74' title='bbox 1861 1025 2133 1089; x_wconf 89' lang='lat' dir='ltr'><strong>frequenter</strong></span> <span class='ocrx_word' id='word_1_75' title='bbox 2158 1027 2286 1092; x_wconf 93' lang='lat' dir='ltr'><strong>quod</strong></span> 
     </span>
     <span class='ocr_line' id='line_1_10' title="bbox 345 1102 2287 1172; baseline 0.001 -17"><span class='ocrx_word' id='word_1_76' title='bbox 345 1123 428 1171; x_wconf 94' lang='lat' dir='ltr'><strong>per</strong></span> <span class='ocrx_word' id='word_1_77' title='bbox 451 1104 725 1172; x_wconf 77' lang='lat' dir='ltr'><strong>phitonissas</strong></span> <span class='ocrx_word' id='word_1_78' title='bbox 748 1111 796 1154; x_wconf 88' lang='lat' dir='ltr'><strong>et</strong></span> <span class='ocrx_word' id='word_1_79' title='bbox 819 1103 1060 1153; x_wconf 90' lang='lat' dir='ltr'><strong>maleficas</strong></span> <span class='ocrx_word' id='word_1_80' title='bbox 1083 1109 1132 1151; x_wconf 91' lang='lat' dir='ltr'><strong>et</strong></span> <span class='ocrx_word' id='word_1_81' title='bbox 1155 1102 1488 1151; x_wconf 86' lang='lat' dir='ltr'><strong>incantatrices</strong></span> <span class='ocrx_word' id='word_1_82' title='bbox 1509 1102 1712 1151; x_wconf 86' lang='lat' dir='ltr'><strong>feminas</strong></span> <span class='ocrx_word' id='word_1_83' title='bbox 1735 1102 2000 1167; x_wconf 88' lang='lat' dir='ltr'><strong>hujusmodi</strong></span> <span class='ocrx_word' id='word_1_84' title='bbox 2024 1107 2287 1155; x_wconf 90' lang='lat' dir='ltr'><strong>mutatione</strong></span> 
     </span>
     <span class='ocr_line' id='line_1_11' title="bbox 343 1180 2286 1246; baseline 0.001 -14"><span class='ocrx_word' id='word_1_85' title='bbox 343 1186 455 1234; x_wconf 91' lang='lat' dir='ltr'><strong>luna</strong></span> <span class='ocrx_word' id='word_1_86' title='bbox 479 1185 594 1233; x_wconf 88' lang='lat' dir='ltr'><strong>solet</strong></span> <span class='ocrx_word' id='word_1_87' title='bbox 618 1183 921 1233; x_wconf 86' lang='lat' dir='ltr'><strong>deformari.”</strong></span> <span class='ocrx_word' id='word_1_88' title='bbox 979 1181 1045 1230; x_wconf 91' lang='lat' dir='ltr'><strong>Et</strong></span> <span class='ocrx_word' id='word_1_89' title='bbox 1068 1181 1162 1238; x_wconf 91' lang='lat' dir='ltr'><strong>ille,</strong></span> <span class='ocrx_word' id='word_1_90' title='bbox 1188 1190 1218 1211; x_wconf 81' lang='lat'><strong>‘⁶</strong></span> <span class='ocrx_word' id='word_1_91' title='bbox 1236 1197 1332 1230; x_wconf 91' lang='lat' dir='ltr'><strong>non</strong></span> <span class='ocrx_word' id='word_1_92' title='bbox 1351 1180 1419 1230; x_wconf 90' lang='lat' dir='ltr'><strong>est</strong></span> <span class='ocrx_word' id='word_1_93' title='bbox 1440 1181 1524 1238; x_wconf 87' lang='lat' dir='ltr'><strong>ita,</strong></span> <span class='ocrx_word' id='word_1_94' title='bbox 1542 1180 1635 1237; x_wconf 89' lang='lat' dir='ltr'><strong>fili;</strong></span> <span class='ocrx_word' id='word_1_95' title='bbox 1671 1181 1785 1246; x_wconf 92' lang='lat' dir='ltr'><strong>quin</strong></span> <span class='ocrx_word' id='word_1_96' title='bbox 1810 1182 1974 1246; x_wconf 86' lang='lat' dir='ltr'><strong>pocius</strong></span> <span class='ocrx_word' id='word_1_97' title='bbox 1999 1184 2286 1234; x_wconf 88' lang='lat' dir='ltr'><strong>credendum</strong></span> 
     </span>
     <span class='ocr_line' id='line_1_12' title="bbox 345 1259 2288 1330; baseline -0.001 -17"><span class='ocrx_word' id='word_1_98' title='bbox 345 1265 412 1313; x_wconf 84' lang='lat' dir='ltr'><strong>est</strong></span> <span class='ocrx_word' id='word_1_99' title='bbox 436 1264 564 1330; x_wconf 90' lang='lat' dir='ltr'><strong>quod</strong></span> <span class='ocrx_word' id='word_1_100' title='bbox 589 1263 783 1329; x_wconf 90' lang='lat' dir='ltr'><strong>aliquod</strong></span> <span class='ocrx_word' id='word_1_101' title='bbox 806 1263 976 1311; x_wconf 91' lang='lat' dir='ltr'><strong>mirum</strong></span> <span class='ocrx_word' id='word_1_102' title='bbox 1001 1269 1049 1310; x_wconf 92' lang='lat' dir='ltr'><strong>et</strong></span> <span class='ocrx_word' id='word_1_103' title='bbox 1072 1261 1282 1310; x_wconf 90' lang='lat' dir='ltr'><strong>humano</strong></span> <span class='ocrx_word' id='word_1_104' title='bbox 1306 1261 1470 1326; x_wconf 88' lang='lat' dir='ltr'><strong>generi</strong></span> <span class='ocrx_word' id='word_1_105' title='bbox 1494 1259 1780 1309; x_wconf 90' lang='lat' dir='ltr'><strong>horrendum</strong></span> <span class='ocrx_word' id='word_1_106' title='bbox 1804 1260 2140 1325; x_wconf 89' lang='lat' dir='ltr'><strong>portendant.”</strong></span> <span class='ocrx_word' id='word_1_107' title='bbox 2216 1264 2288 1312; x_wconf 93' lang='lat' dir='ltr'><strong>In-</strong></span> 
     </span>
     <span class='ocr_line' id='line_1_13' title="bbox 343 1340 2289 1407; baseline 0.001 -16"><span class='ocrx_word' id='word_1_108' title='bbox 343 1344 480 1393; x_wconf 86' lang='lat' dir='ltr'><strong>terim</strong></span> <span class='ocrx_word' id='word_1_109' title='bbox 505 1352 667 1392; x_wconf 90' lang='lat' dir='ltr'><strong>autem</strong></span> <span class='ocrx_word' id='word_1_110' title='bbox 689 1343 819 1398; x_wconf 90' lang='lat' dir='ltr'><strong>luna,</strong></span> <span class='ocrx_word' id='word_1_111' title='bbox 845 1340 1055 1407; x_wconf 88' lang='lat' dir='ltr'><strong>depofita</strong></span> <span class='ocrx_word' id='word_1_112' title='bbox 1080 1340 1256 1389; x_wconf 87' lang='lat' dir='ltr'><strong>castelli</strong></span> <span class='ocrx_word' id='word_1_113' title='bbox 1291 1341 1461 1396; x_wconf 89' lang='lat' dir='ltr'><strong>forma,</strong></span> <span class='ocrx_word' id='word_1_114' title='bbox 1497 1340 1545 1388; x_wconf 90' lang='lat' dir='ltr'><strong>in</strong></span> <span class='ocrx_word' id='word_1_115' title='bbox 1575 1356 1748 1389; x_wconf 86' lang='lat' dir='ltr'><strong>navem</strong></span> <span class='ocrx_word' id='word_1_116' title='bbox 1783 1341 2099 1406; x_wconf 87' lang='lat' dir='ltr'><strong>pergrandem</strong></span> <span class='ocrx_word' id='word_1_117' title='bbox 2124 1351 2172 1391; x_wconf 88' lang='lat' dir='ltr'><strong>et</strong></span> <span class='ocrx_word' id='word_1_118' title='bbox 2196 1344 2289 1392; x_wconf 89' lang='lat' dir='ltr'><strong>ele-</strong></span> 
     </span>
     <span class='ocr_line' id='line_1_14' title="bbox 343 1420 2290 1490; baseline 0 -18"><span class='ocrx_word' id='word_1_119' title='bbox 343 1423 609 1490; x_wconf 88' lang='lat' dir='ltr'><strong>gantissima</strong></span> <span class='ocrx_word' id='word_1_120' title='bbox 632 1422 813 1471; x_wconf 89' lang='lat' dir='ltr'><strong>fabrica</strong></span> <span class='ocrx_word' id='word_1_121' title='bbox 837 1422 1018 1471; x_wconf 67' lang='lat' dir='ltr'><strong>factam</strong></span> <span class='ocrx_word' id='word_1_122' title='bbox 1042 1422 1246 1469; x_wconf 87' lang='lat' dir='ltr'><strong>formata</strong></span> <span class='ocrx_word' id='word_1_123' title='bbox 1271 1420 1353 1469; x_wconf 90' lang='lat' dir='ltr'><strong>est.</strong></span> <span class='ocrx_word' id='word_1_124' title='bbox 1430 1420 1528 1468; x_wconf 86' lang='lat' dir='ltr'><strong>Sed</strong></span> <span class='ocrx_word' id='word_1_125' title='bbox 1553 1427 1600 1468; x_wconf 91' lang='lat' dir='ltr'><strong>et</strong></span> <span class='ocrx_word' id='word_1_126' title='bbox 1624 1437 1745 1468; x_wconf 90' lang='lat' dir='ltr'><strong>unus</strong></span> <span class='ocrx_word' id='word_1_127' title='bbox 1769 1427 1954 1469; x_wconf 86' lang='lat' dir='ltr'><strong>tantum</strong></span> <span class='ocrx_word' id='word_1_128' title='bbox 1977 1420 2136 1478; x_wconf 91' lang='lat' dir='ltr'><strong>homo,</strong></span> <span class='ocrx_word' id='word_1_129' title='bbox 2156 1424 2290 1488; x_wconf 87' lang='lat' dir='ltr'><strong>cujus</strong></span> 
     </span>
     <span class='ocr_line' id='line_1_15' title="bbox 343 1499 2289 1566; baseline -0.001 -14"><span class='ocrx_word' id='word_1_130' title='bbox 343 1504 551 1552; x_wconf 88' lang='lat' dir='ltr'><strong>maxima</strong></span> <span class='ocrx_word' id='word_1_131' title='bbox 575 1511 676 1551; x_wconf 87' lang='lat' dir='ltr'><strong>erat</strong></span> <span class='ocrx_word' id='word_1_132' title='bbox 699 1502 892 1558; x_wconf 89' lang='lat' dir='ltr'><strong>statura,</strong></span> <span class='ocrx_word' id='word_1_133' title='bbox 917 1501 964 1549; x_wconf 92' lang='lat' dir='ltr'><strong>in</strong></span> <span class='ocrx_word' id='word_1_134' title='bbox 988 1500 1096 1549; x_wconf 91' lang='lat' dir='ltr'><strong>navi</strong></span> <span class='ocrx_word' id='word_1_135' title='bbox 1121 1499 1252 1566; x_wconf 79' lang='lat' dir='ltr'><strong>quasi</strong></span> <span class='ocrx_word' id='word_1_136' title='bbox 1276 1499 1487 1565; x_wconf 90' lang='lat' dir='ltr'><strong>ejusdem</strong></span> <span class='ocrx_word' id='word_1_137' title='bbox 1522 1500 1655 1548; x_wconf 86' lang='lat' dir='ltr'><strong>navis</strong></span> <span class='ocrx_word' id='word_1_138' title='bbox 1689 1508 1836 1548; x_wconf 89' lang='lat' dir='ltr'><strong>nauta</strong></span> <span class='ocrx_word' id='word_1_139' title='bbox 1861 1502 2092 1566; x_wconf 87' lang='lat' dir='ltr'><strong>apparuit.</strong></span> <span class='ocrx_word' id='word_1_140' title='bbox 2167 1503 2289 1551; x_wconf 87' lang='lat' dir='ltr'><strong>Prae-</strong></span> 
     </span>
     <span class='ocr_line' id='line_1_16' title="bbox 342 1579 2289 1647; baseline 0 -16"><span class='ocrx_word' id='word_1_141' title='bbox 342 1583 474 1631; x_wconf 64' lang='lat' dir='ltr'><strong>dieta</strong></span> <span class='ocrx_word' id='word_1_142' title='bbox 497 1583 640 1647; x_wconf 91' lang='lat' dir='ltr'><strong>igitur</strong></span> <span class='ocrx_word' id='word_1_143' title='bbox 662 1581 812 1637; x_wconf 90' lang='lat' dir='ltr'><strong>navis,</strong></span> <span class='ocrx_word' id='word_1_144' title='bbox 836 1581 1027 1629; x_wconf 87' lang='lat' dir='ltr'><strong>extenso</strong></span> <span class='ocrx_word' id='word_1_145' title='bbox 1051 1579 1157 1628; x_wconf 91' lang='lat' dir='ltr'><strong>velo</strong></span> <span class='ocrx_word' id='word_1_146' title='bbox 1181 1587 1228 1628; x_wconf 92' lang='lat' dir='ltr'><strong>et</strong></span> <span class='ocrx_word' id='word_1_147' title='bbox 1253 1579 1490 1644; x_wconf 88' lang='lat' dir='ltr'><strong>explicit0‚</strong></span> <span class='ocrx_word' id='word_1_148' title='bbox 1508 1579 1789 1628; x_wconf 87' lang='lat' dir='ltr'><strong>velociflimo</strong></span> <span class='ocrx_word' id='word_1_149' title='bbox 1814 1581 1947 1629; x_wconf 91' lang='lat' dir='ltr'><strong>cursu</strong></span> <span class='ocrx_word' id='word_1_150' title='bbox 1963 1597 2046 1645; x_wconf 90' lang='lat' dir='ltr'><strong>per</strong></span> <span class='ocrx_word' id='word_1_151' title='bbox 2064 1583 2289 1631; x_wconf 88' lang='lat' dir='ltr'><strong>transver-</strong></span> 
     </span>
     <span class='ocr_line' id='line_1_17' title="bbox 343 1658 2288 1724; baseline -0.001 -13"><span class='ocrx_word' id='word_1_152' title='bbox 343 1664 443 1711; x_wconf 91' lang='lat' dir='ltr'><strong>sum</strong></span> <span class='ocrx_word' id='word_1_153' title='bbox 467 1661 613 1711; x_wconf 91' lang='lat' dir='ltr'><strong>insule</strong></span> <span class='ocrx_word' id='word_1_154' title='bbox 638 1661 697 1710; x_wconf 91' lang='lat' dir='ltr'><strong>de</strong></span> <span class='ocrx_word' id='word_1_155' title='bbox 724 1660 847 1709; x_wconf 63' lang='lat' dir='ltr'><strong>MAN</strong></span> <span class='ocrx_word' id='word_1_156' title='bbox 881 1661 1037 1709; x_wconf 89' lang='lat' dir='ltr'><strong>versus</strong></span> <span class='ocrx_word' id='word_1_157' title='bbox 1064 1658 1360 1724; x_wconf 66' lang='lat' dir='ltr'><strong>Hyberniam</strong></span> <span class='ocrx_word' id='word_1_158' title='bbox 1384 1658 1619 1707; x_wconf 89' lang='lat' dir='ltr'><strong>velificare</strong></span> <span class='ocrx_word' id='word_1_159' title='bbox 1643 1659 1738 1707; x_wconf 92' lang='lat' dir='ltr'><strong>visa</strong></span> <span class='ocrx_word' id='word_1_160' title='bbox 1763 1659 1844 1707; x_wconf 89' lang='lat' dir='ltr'><strong>est.</strong></span> <span class='ocrx_word' id='word_1_161' title='bbox 1919 1660 2030 1709; x_wconf 91' lang='lat' dir='ltr'><strong>Post</strong></span> <span class='ocrx_word' id='word_1_162' title='bbox 2052 1660 2154 1710; x_wconf 91' lang='lat' dir='ltr'><strong>haec</strong></span> <span class='ocrx_word' id='word_1_163' title='bbox 2178 1679 2288 1710; x_wconf 92' lang='lat' dir='ltr'><strong>vero</strong></span> 
     </span>
     <span class='ocr_line' id='line_1_18' title="bbox 342 1738 2288 1806; baseline 0 -16"><span class='ocrx_word' id='word_1_164' title='bbox 342 1743 469 1798; x_wconf 87' lang='lat' dir='ltr'><strong>luna,</strong></span> <span class='ocrx_word' id='word_1_165' title='bbox 495 1741 688 1806; x_wconf 75' lang='lat' dir='ltr'><strong>abje&amp;ca</strong></span> <span class='ocrx_word' id='word_1_166' title='bbox 710 1740 843 1789; x_wconf 90' lang='lat' dir='ltr'><strong>navis</strong></span> <span class='ocrx_word' id='word_1_167' title='bbox 865 1741 1035 1795; x_wconf 87' lang='lat' dir='ltr'><strong>forma,</strong></span> <span class='ocrx_word' id='word_1_168' title='bbox 1069 1739 1239 1788; x_wconf 92' lang='lat' dir='ltr'><strong>iterum</strong></span> <span class='ocrx_word' id='word_1_169' title='bbox 1273 1739 1322 1787; x_wconf 91' lang='lat' dir='ltr'><strong>in</strong></span> <span class='ocrx_word' id='word_1_170' title='bbox 1358 1738 1602 1788; x_wconf 91' lang='lat' dir='ltr'><strong>castellum</strong></span> <span class='ocrx_word' id='word_1_171' title='bbox 1627 1754 1858 1804; x_wconf 90' lang='lat' dir='ltr'><strong>magnum</strong></span> <span class='ocrx_word' id='word_1_172' title='bbox 1894 1746 1942 1787; x_wconf 93' lang='lat' dir='ltr'><strong>et</strong></span> <span class='ocrx_word' id='word_1_173' title='bbox 1966 1740 2288 1805; x_wconf 66' lang='lat' dir='ltr'><strong>spectantibus</strong></span> 
     </span>
     <span class='ocr_line' id='line_1_19' title="bbox 345 1818 2287 1886; baseline -0.001 -16"><span class='ocrx_word' id='word_1_174' title='bbox 345 1822 482 1886; x_wconf 90' lang='lat' dir='ltr'><strong>supra</strong></span> <span class='ocrx_word' id='word_1_175' title='bbox 506 1821 700 1869; x_wconf 90' lang='lat' dir='ltr'><strong>modum</strong></span> <span class='ocrx_word' id='word_1_176' title='bbox 723 1819 1008 1868; x_wconf 91' lang='lat' dir='ltr'><strong>horrendum</strong></span> <span class='ocrx_word' id='word_1_177' title='bbox 1032 1819 1364 1867; x_wconf 88' lang='lat' dir='ltr'><strong>transformata</strong></span> <span class='ocrx_word' id='word_1_178' title='bbox 1387 1818 1470 1873; x_wconf 89' lang='lat' dir='ltr'><strong>est,</strong></span> <span class='ocrx_word' id='word_1_179' title='bbox 1496 1825 1543 1866; x_wconf 87' lang='lat' dir='ltr'><strong>et</strong></span> <span class='ocrx_word' id='word_1_180' title='bbox 1567 1818 1658 1866; x_wconf 90' lang='lat' dir='ltr'><strong>hac</strong></span> <span class='ocrx_word' id='word_1_181' title='bbox 1675 1818 1777 1867; x_wconf 90' lang='lat' dir='ltr'><strong>vice</strong></span> <span class='ocrx_word' id='word_1_182' title='bbox 1801 1818 2023 1868; x_wconf 89' lang='lat' dir='ltr'><strong>vexillum</strong></span> <span class='ocrx_word' id='word_1_183' title='bbox 2046 1820 2287 1885; x_wconf 90' lang='lat' dir='ltr'><strong>quoddam</strong></span> 
     </span>
     <span class='ocr_line' id='line_1_20' title="bbox 342 1897 2287 1966; baseline 0 -17"><span class='ocrx_word' id='word_1_184' title='bbox 342 1901 520 1966; x_wconf 90' lang='lat' dir='ltr'><strong>regale,</strong></span> <span class='ocrx_word' id='word_1_185' title='bbox 546 1900 689 1966; x_wconf 92' lang='lat' dir='ltr'><strong>quale</strong></span> <span class='ocrx_word' id='word_1_186' title='bbox 724 1916 833 1948; x_wconf 89' lang='lat' dir='ltr'><strong>cum</strong></span> <span class='ocrx_word' id='word_1_187' title='bbox 862 1898 1145 1947; x_wconf 87' lang='lat' dir='ltr'><strong>exercitibus</strong></span> <span class='ocrx_word' id='word_1_188' title='bbox 1178 1914 1346 1963; x_wconf 91' lang='lat' dir='ltr'><strong>regum</strong></span> <span class='ocrx_word' id='word_1_189' title='bbox 1371 1897 1432 1946; x_wconf 91' lang='lat' dir='ltr'><strong>ad</strong></span> <span class='ocrx_word' id='word_1_190' title='bbox 1456 1897 1633 1945; x_wconf 90' lang='lat' dir='ltr'><strong>bellum</strong></span> <span class='ocrx_word' id='word_1_191' title='bbox 1668 1898 2058 1963; x_wconf 87' lang='lat' dir='ltr'><strong>proficiscentium</strong></span> <span class='ocrx_word' id='word_1_192' title='bbox 2082 1902 2287 1965; x_wconf 87' lang='lat' dir='ltr'><strong>praeferri</strong></span> 
     </span>
     <span class='ocr_line' id='line_1_21' title="bbox 340 1976 2287 2044; baseline 0.001 -16"><span class='ocrx_word' id='word_1_193' title='bbox 340 1980 472 2035; x_wconf 87' lang='lat' dir='ltr'><strong>solet,</strong></span> <span class='ocrx_word' id='word_1_194' title='bbox 496 1980 543 2027; x_wconf 92' lang='lat' dir='ltr'><strong>in</strong></span> <span class='ocrx_word' id='word_1_195' title='bbox 567 1979 797 2044; x_wconf 61' lang='lat' dir='ltr'><strong>praedifi&#39;co</strong></span> <span class='ocrx_word' id='word_1_196' title='bbox 822 1977 1013 2027; x_wconf 89' lang='lat' dir='ltr'><strong>castello</strong></span> <span class='ocrx_word' id='word_1_197' title='bbox 1050 1976 1296 2042; x_wconf 89' lang='lat' dir='ltr'><strong>apparuit:</strong></span> <span class='ocrx_word' id='word_1_198' title='bbox 1333 1984 1381 2025; x_wconf 87' lang='lat' dir='ltr'><strong>et</strong></span> <span class='ocrx_word' id='word_1_199' title='bbox 1406 1977 1535 2042; x_wconf 92' lang='lat' dir='ltr'><strong>quod</strong></span> <span class='ocrx_word' id='word_1_200' title='bbox 1570 1977 1726 2043; x_wconf 88' lang='lat' dir='ltr'><strong>magis</strong></span> <span class='ocrx_word' id='word_1_201' title='bbox 1761 1978 2026 2026; x_wconf 88' lang='lat' dir='ltr'><strong>mirandum</strong></span> <span class='ocrx_word' id='word_1_202' title='bbox 2062 1980 2167 2035; x_wconf 85' lang='lat' dir='ltr'><strong>fuit,</strong></span> <span class='ocrx_word' id='word_1_203' title='bbox 2203 1980 2287 2029; x_wconf 89' lang='lat' dir='ltr'><strong>lin·</strong></span> 
     </span>
     <span class='ocr_line' id='line_1_22' title="bbox 338 2056 2285 2126; baseline -0.001 -18"><span class='ocrx_word' id='word_1_204' title='bbox 338 2059 480 2126; x_wconf 68' lang='lat' dir='ltr'><strong>gule?</strong></span> <span class='ocrx_word' id='word_1_205' title='bbox 514 2060 608 2114; x_wconf 89' lang='lat' dir='ltr'><strong>ille,</strong></span> <span class='ocrx_word' id='word_1_206' title='bbox 631 2058 724 2107; x_wconf 90' lang='lat' dir='ltr'><strong>five</strong></span> <span class='ocrx_word' id='word_1_207' title='bbox 756 2056 975 2113; x_wconf 86' lang='lat' dir='ltr'><strong>caudule,</strong></span> <span class='ocrx_word' id='word_1_208' title='bbox 1008 2073 1102 2122; x_wconf 89' lang='lat' dir='ltr'><strong>que</strong></span> <span class='ocrx_word' id='word_1_209' title='bbox 1133 2057 1181 2105; x_wconf 95' lang='lat' dir='ltr'><strong>in</strong></span> <span class='ocrx_word' id='word_1_210' title='bbox 1216 2056 1591 2105; x_wconf 89' lang='lat' dir='ltr'><strong>extremitatibus</strong></span> <span class='ocrx_word' id='word_1_211' title='bbox 1610 2056 1885 2105; x_wconf 87' lang='lat' dir='ltr'><strong>vexillorum</strong></span> <span class='ocrx_word' id='word_1_212' title='bbox 1921 2057 2206 2123; x_wconf 87' lang='lat' dir='ltr'><strong>dependent,</strong></span> <span class='ocrx_word' id='word_1_213' title='bbox 2239 2061 2285 2107; x_wconf 92' lang='lat' dir='ltr'><strong>in</strong></span> 
     </span>
     <span class='ocr_line' id='line_1_23' title="bbox 338 2135 2287 2204; baseline -0.001 -16"><span class='ocrx_word' id='word_1_214' title='bbox 338 2138 566 2204; x_wconf 62' lang='lat' dir='ltr'><strong>praedieto</strong></span> <span class='ocrx_word' id='word_1_215' title='bbox 590 2138 760 2186; x_wconf 88' lang='lat' dir='ltr'><strong>vexillo</strong></span> <span class='ocrx_word' id='word_1_216' title='bbox 785 2136 917 2203; x_wconf 90' lang='lat' dir='ltr'><strong>quafi</strong></span> <span class='ocrx_word' id='word_1_217' title='bbox 941 2135 1002 2184; x_wconf 90' lang='lat' dir='ltr'><strong>ad</strong></span> <span class='ocrx_word' id='word_1_218' title='bbox 1026 2136 1190 2184; x_wconf 87' lang='lat' dir='ltr'><strong>flatum</strong></span> <span class='ocrx_word' id='word_1_219' title='bbox 1214 2136 1340 2184; x_wconf 93' lang='lat' dir='ltr'><strong>venti</strong></span> <span class='ocrx_word' id='word_1_220' title='bbox 1365 2136 1543 2185; x_wconf 92' lang='lat' dir='ltr'><strong>moveri</strong></span> <span class='ocrx_word' id='word_1_221' title='bbox 1562 2143 1610 2184; x_wconf 90' lang='lat' dir='ltr'><strong>et</strong></span> <span class='ocrx_word' id='word_1_222' title='bbox 1629 2136 1799 2201; x_wconf 89' lang='lat' dir='ltr'><strong>agitari</strong></span> <span class='ocrx_word' id='word_1_223' title='bbox 1824 2136 2119 2187; x_wconf 88' lang='lat' dir='ltr'><strong>videbantur.</strong></span> <span class='ocrx_word' id='word_1_224' title='bbox 2178 2139 2287 2187; x_wconf 89' lang='lat' dir='ltr'><strong>Post</strong></span> 
     </span>
     <span class='ocr_line' id='line_1_24' title="bbox 339 2215 2285 2284; baseline -0.001 -16"><span class='ocrx_word' id='word_1_225' title='bbox 339 2218 444 2275; x_wconf 88' lang='lat' dir='ltr'><strong>hec,</strong></span> <span class='ocrx_word' id='word_1_226' title='bbox 461 2218 703 2284; x_wconf 91' lang='lat' dir='ltr'><strong>aliquanto</strong></span> <span class='ocrx_word' id='word_1_227' title='bbox 718 2215 989 2282; x_wconf 91' lang='lat' dir='ltr'><strong>interpofito</strong></span> <span class='ocrx_word' id='word_1_228' title='bbox 1014 2215 1277 2270; x_wconf 88' lang='lat' dir='ltr'><strong>intervallo,</strong></span> <span class='ocrx_word' id='word_1_229' title='bbox 1296 2215 1448 2264; x_wconf 88' lang='lat' dir='ltr'><strong>omnis</strong></span> <span class='ocrx_word' id='word_1_230' title='bbox 1468 2215 1643 2264; x_wconf 87' lang='lat' dir='ltr'><strong>castelli</strong></span> <span class='ocrx_word' id='word_1_231' title='bbox 1667 2215 1790 2264; x_wconf 93' lang='lat' dir='ltr'><strong>illius</strong></span> <span class='ocrx_word' id='word_1_232' title='bbox 1807 2216 2028 2265; x_wconf 88' lang='lat' dir='ltr'><strong>machina</strong></span> <span class='ocrx_word' id='word_1_233' title='bbox 2047 2217 2285 2283; x_wconf 89' lang='lat' dir='ltr'><strong>disparuit,</strong></span> 
     </span>
     <span class='ocr_line' id='line_1_25' title="bbox 339 2294 2286 2362; baseline 0.001 -16"><span class='ocrx_word' id='word_1_234' title='bbox 339 2307 387 2346; x_wconf 89' lang='lat' dir='ltr'><strong>et</strong></span> <span class='ocrx_word' id='word_1_235' title='bbox 420 2298 533 2346; x_wconf 92' lang='lat' dir='ltr'><strong>luna</strong></span> <span class='ocrx_word' id='word_1_236' title='bbox 568 2296 756 2362; x_wconf 91' lang='lat' dir='ltr'><strong>propria</strong></span> <span class='ocrx_word' id='word_1_237' title='bbox 790 2296 994 2344; x_wconf 90' lang='lat' dir='ltr'><strong>resumta</strong></span> <span class='ocrx_word' id='word_1_238' title='bbox 1027 2295 1197 2350; x_wconf 83' lang='lat' dir='ltr'><strong>forma,</strong></span> <span class='ocrx_word' id='word_1_239' title='bbox 1231 2294 1434 2343; x_wconf 89' lang='lat' dir='ltr'><strong>naturali</strong></span> <span class='ocrx_word' id='word_1_240' title='bbox 1467 2295 1601 2343; x_wconf 87' lang='lat' dir='ltr'><strong>cursu</strong></span> <span class='ocrx_word' id='word_1_241' title='bbox 1636 2294 1874 2360; x_wconf 80' lang='lat' dir='ltr'><strong>progrefl&#39;a</strong></span> <span class='ocrx_word' id='word_1_242' title='bbox 1898 2296 1980 2344; x_wconf 87' lang='lat' dir='ltr'><strong>est.</strong></span> <span class='ocrx_word' id='word_1_243' title='bbox 2053 2297 2162 2346; x_wconf 90' lang='lat' dir='ltr'><strong>Post</strong></span> <span class='ocrx_word' id='word_1_244' title='bbox 2198 2298 2286 2347; x_wconf 88' lang='lat' dir='ltr'><strong>hec</strong></span> 
     </span>
     <span class='ocr_line' id='line_1_26' title="bbox 339 2372 2284 2441; baseline 0.002 -18"><span class='ocrx_word' id='word_1_245' title='bbox 339 2377 477 2425; x_wconf 83' lang='lat' dir='ltr'><strong>turris</strong></span> <span class='ocrx_word' id='word_1_246' title='bbox 501 2375 722 2441; x_wconf 88' lang='lat' dir='ltr'><strong>quaedam</strong></span> <span class='ocrx_word' id='word_1_247' title='bbox 753 2374 950 2440; x_wconf 88' lang='lat' dir='ltr'><strong>parvula</strong></span> <span class='ocrx_word' id='word_1_248' title='bbox 981 2381 1030 2423; x_wconf 92' lang='lat' dir='ltr'><strong>et</strong></span> <span class='ocrx_word' id='word_1_249' title='bbox 1052 2372 1294 2430; x_wconf 89' lang='lat' dir='ltr'><strong>nebulosa,</strong></span> <span class='ocrx_word' id='word_1_250' title='bbox 1319 2373 1524 2422; x_wconf 90' lang='lat' dir='ltr'><strong>minimis</strong></span> <span class='ocrx_word' id='word_1_251' title='bbox 1558 2373 1740 2422; x_wconf 89' lang='lat' dir='ltr'><strong>munita</strong></span> <span class='ocrx_word' id='word_1_252' title='bbox 1774 2376 2157 2440; x_wconf 89' lang='lat' dir='ltr'><strong>propugnaculis,</strong></span> <span class='ocrx_word' id='word_1_253' title='bbox 2184 2377 2284 2426; x_wconf 90' lang='lat' dir='ltr'><strong>bre-</strong></span> 
     </span>
     <span class='ocr_line' id='line_1_27' title="bbox 340 2452 2282 2519; baseline 0.001 -16"><span class='ocrx_word' id='word_1_254' title='bbox 340 2453 513 2503; x_wconf 88' lang='lat' dir='ltr'><strong>viffimo</strong></span> <span class='ocrx_word' id='word_1_255' title='bbox 537 2454 687 2519; x_wconf 86' lang='lat' dir='ltr'><strong>spatio</strong></span> <span class='ocrx_word' id='word_1_256' title='bbox 711 2454 849 2519; x_wconf 89' lang='lat' dir='ltr'><strong>supra</strong></span> <span class='ocrx_word' id='word_1_257' title='bbox 878 2454 1041 2502; x_wconf 91' lang='lat' dir='ltr'><strong>lunam</strong></span> <span class='ocrx_word' id='word_1_258' title='bbox 1065 2453 1284 2518; x_wconf 85' lang='lat' dir='ltr'><strong>apparuit</strong></span> <span class='ocrx_word' id='word_1_259' title='bbox 1307 2460 1356 2502; x_wconf 90' lang='lat' dir='ltr'><strong>et</strong></span> <span class='ocrx_word' id='word_1_260' title='bbox 1385 2452 1542 2501; x_wconf 90' lang='lat' dir='ltr'><strong>statim</strong></span> <span class='ocrx_word' id='word_1_261' title='bbox 1566 2452 1805 2518; x_wconf 87' lang='lat' dir='ltr'><strong>disparuit.</strong></span> <span class='ocrx_word' id='word_1_262' title='bbox 1879 2453 2020 2502; x_wconf 89' lang='lat' dir='ltr'><strong>Luna</strong></span> <span class='ocrx_word' id='word_1_263' title='bbox 2050 2472 2160 2503; x_wconf 91' lang='lat' dir='ltr'><strong>vero</strong></span> <span class='ocrx_word' id='word_1_264' title='bbox 2185 2464 2282 2505; x_wconf 87' lang='lat' dir='ltr'><strong>tam</strong></span> 
     </span>
     <span class='ocr_line' id='line_1_28' title="bbox 339 2532 2280 2590; baseline 0.001 -8"><span class='ocrx_word' id='word_1_265' title='bbox 339 2534 504 2583; x_wconf 89' lang='lat' dir='ltr'><strong>crebra</strong></span> <span class='ocrx_word' id='word_1_266' title='bbox 527 2534 595 2582; x_wconf 91' lang='lat' dir='ltr'><strong>sui</strong></span> <span class='ocrx_word' id='word_1_267' title='bbox 618 2533 886 2589; x_wconf 91' lang='lat' dir='ltr'><strong>vexatione,</strong></span> <span class='ocrx_word' id='word_1_268' title='bbox 910 2540 1010 2581; x_wconf 92' lang='lat' dir='ltr'><strong>tam</strong></span> <span class='ocrx_word' id='word_1_269' title='bbox 1032 2532 1382 2581; x_wconf 89' lang='lat' dir='ltr'><strong>inconvenienti</strong></span> <span class='ocrx_word' id='word_1_270' title='bbox 1406 2532 1768 2588; x_wconf 87' lang='lat' dir='ltr'><strong>deformatione,</strong></span> <span class='ocrx_word' id='word_1_271' title='bbox 1800 2541 1899 2581; x_wconf 89' lang='lat' dir='ltr'><strong>tam</strong></span> <span class='ocrx_word' id='word_1_272' title='bbox 1931 2534 2152 2590; x_wconf 89' lang='lat' dir='ltr'><strong>violenta,</strong></span> <span class='ocrx_word' id='word_1_273' title='bbox 2184 2544 2280 2584; x_wconf 86' lang='lat' dir='ltr'><strong>tam</strong></span> 
     </span>
     <span class='ocr_line' id='line_1_29' title="bbox 338 2610 2281 2677; baseline 0.001 -16"><span class='ocrx_word' id='word_1_274' title='bbox 338 2613 491 2662; x_wconf 88' lang='lat' dir='ltr'><strong>subita</strong></span> <span class='ocrx_word' id='word_1_275' title='bbox 514 2612 683 2661; x_wconf 87' lang='lat' dir='ltr'><strong>suimet</strong></span> <span class='ocrx_word' id='word_1_276' title='bbox 705 2611 984 2668; x_wconf 89' lang='lat' dir='ltr'><strong>mutatione,</strong></span> <span class='ocrx_word' id='word_1_277' title='bbox 1009 2610 1140 2677; x_wconf 90' lang='lat' dir='ltr'><strong>quafi</strong></span> <span class='ocrx_word' id='word_1_278' title='bbox 1163 2611 1382 2677; x_wconf 89' lang='lat' dir='ltr'><strong>injuriam</strong></span> <span class='ocrx_word' id='word_1_279' title='bbox 1404 2611 1549 2677; x_wconf 82' lang='lat' dir='ltr'><strong>paffa,</strong></span> <span class='ocrx_word' id='word_1_280' title='bbox 1574 2611 1781 2668; x_wconf 89' lang='lat' dir='ltr'><strong>turbata,</strong></span> <span class='ocrx_word' id='word_1_281' title='bbox 1806 2613 2076 2661; x_wconf 87' lang='lat' dir='ltr'><strong>contristata</strong></span> <span class='ocrx_word' id='word_1_282' title='bbox 2101 2622 2148 2661; x_wconf 91' lang='lat' dir='ltr'><strong>et</strong></span> <span class='ocrx_word' id='word_1_283' title='bbox 2172 2631 2281 2662; x_wconf 89' lang='lat' dir='ltr'><strong>con·</strong></span> 
     </span>
     <span class='ocr_line' id='line_1_30' title="bbox 337 2689 2280 2757; baseline 0.001 -16"><span class='ocrx_word' id='word_1_284' title='bbox 337 2691 542 2748; x_wconf 86' lang='lat' dir='ltr'><strong>turbata,</strong></span> <span class='ocrx_word' id='word_1_285' title='bbox 567 2689 745 2757; x_wconf 87' lang='lat' dir='ltr'><strong>pallida</strong></span> <span class='ocrx_word' id='word_1_286' title='bbox 766 2690 934 2740; x_wconf 88' lang='lat' dir='ltr'><strong>manfit</strong></span> <span class='ocrx_word' id='word_1_287' title='bbox 958 2698 1006 2740; x_wconf 89' lang='lat' dir='ltr'><strong>et</strong></span> <span class='ocrx_word' id='word_1_288' title='bbox 1030 2690 1320 2747; x_wconf 90' lang='lat' dir='ltr'><strong>decolorata,</strong></span> <span class='ocrx_word' id='word_1_289' title='bbox 1343 2690 1538 2740; x_wconf 90' lang='lat' dir='ltr'><strong>tandem</strong></span> <span class='ocrx_word' id='word_1_290' title='bbox 1561 2707 1672 2740; x_wconf 92' lang='lat' dir='ltr'><strong>vero</strong></span> <span class='ocrx_word' id='word_1_291' title='bbox 1696 2692 1884 2757; x_wconf 90' lang='lat' dir='ltr'><strong>proprio</strong></span> <span class='ocrx_word' id='word_1_292' title='bbox 1903 2693 2105 2741; x_wconf 90' lang='lat' dir='ltr'><strong>resumto</strong></span> <span class='ocrx_word' id='word_1_293' title='bbox 2124 2694 2280 2743; x_wconf 89' lang='lat' dir='ltr'><strong>colore</strong></span> 
     </span>
     <span class='ocr_line' id='line_1_31' title="bbox 338 2769 942 2837; baseline -0.003 -16"><span class='ocrx_word' id='word_1_294' title='bbox 338 2773 384 2820; x_wconf 90' lang='lat' dir='ltr'><strong>in</strong></span> <span class='ocrx_word' id='word_1_295' title='bbox 409 2772 456 2821; x_wconf 92' lang='lat' dir='ltr'><strong>se</strong></span> <span class='ocrx_word' id='word_1_296' title='bbox 480 2772 630 2837; x_wconf 91' lang='lat' dir='ltr'><strong>ipsum</strong></span> <span class='ocrx_word' id='word_1_297' title='bbox 653 2771 836 2820; x_wconf 88' lang='lat' dir='ltr'><strong>reversa</strong></span> <span class='ocrx_word' id='word_1_298' title='bbox 859 2769 942 2819; x_wconf 87' lang='lat' dir='ltr'><strong>est.</strong></span> 
     </span>
    </p>

    <p class='ocr_par' dir='ltr' id='par_1_5' title="bbox 406 2847 2278 2916">
     <span class='ocr_line' id='line_1_32' title="bbox 406 2847 2278 2916; baseline 0.001 -16"><span class='ocrx_word' id='word_1_299' title='bbox 406 2850 637 2900; x_wconf 86' lang='lat' dir='ltr'><strong>Advertat</strong></span> <span class='ocrx_word' id='word_1_300' title='bbox 661 2850 804 2916; x_wconf 91' lang='lat' dir='ltr'><strong>igitur</strong></span> <span class='ocrx_word' id='word_1_301' title='bbox 820 2849 1046 2899; x_wconf 64' lang='lat' dir='ltr'><strong>sandtitas</strong></span> <span class='ocrx_word' id='word_1_302' title='bbox 1063 2847 1230 2905; x_wconf 90' lang='lat' dir='ltr'><strong>vestra,</strong></span> <span class='ocrx_word' id='word_1_303' title='bbox 1247 2848 1283 2897; x_wconf 89' lang='lat' dir='ltr'>fi</span> <span class='ocrx_word' id='word_1_304' title='bbox 1299 2856 1398 2898; x_wconf 87' lang='lat' dir='ltr'><strong>tam</strong></span> <span class='ocrx_word' id='word_1_305' title='bbox 1416 2849 1650 2899; x_wconf 89' lang='lat' dir='ltr'><strong>insolitum</strong></span> <span class='ocrx_word' id='word_1_306' title='bbox 1675 2850 2014 2915; x_wconf 61' lang='lat' dir='ltr'><strong>speaaculum,</strong></span> <span class='ocrx_word' id='word_1_307' title='bbox 2032 2858 2130 2900; x_wconf 88' lang='lat' dir='ltr'><strong>tarn</strong></span> <span class='ocrx_word' id='word_1_308' title='bbox 2148 2867 2278 2901; x_wconf 89' lang='lat' dir='ltr'><strong>mon·</strong></span> 
     </span>
    </p>
   </div>
   <div class='ocr_carea' id='block_1_5' title="bbox 335 2981 2281 3311">
    <p class='ocr_par' dir='ltr' id='par_1_6' title="bbox 335 2981 2281 3311">
     <span class='ocr_line' id='line_1_33' title="bbox 400 2981 2280 3034; baseline -0.001 -14"><span class='ocrx_word' id='word_1_309' title='bbox 400 2984 414 3005; x_wconf 75' lang='lat'><strong>¹³</strong></span> <span class='ocrx_word' id='word_1_310' title='bbox 443 2985 484 3021; x_wconf 91' lang='lat' dir='ltr'><strong>In</strong></span> <span class='ocrx_word' id='word_1_311' title='bbox 500 2984 563 3020; x_wconf 85' lang='lat' dir='ltr'><strong>the</strong></span> <span class='ocrx_word' id='word_1_312' title='bbox 578 2983 706 3020; x_wconf 80' lang='lat' dir='ltr'><strong>former</strong></span> <span class='ocrx_word' id='word_1_313' title='bbox 722 2984 865 3026; x_wconf 84' lang='lat' dir='ltr'><strong>edition,</strong></span> <span class='ocrx_word' id='word_1_314' title='bbox 884 2983 955 3019; x_wconf 88' lang='lat' dir='ltr'><strong>this</strong></span> <span class='ocrx_word' id='word_1_315' title='bbox 972 2994 1044 3019; x_wconf 78' lang='lat' dir='ltr'><strong>was</strong></span> <span class='ocrx_word' id='word_1_316' title='bbox 1061 2982 1201 3030; x_wconf 84' lang='lat' dir='ltr'><strong>printed</strong></span> <span class='ocrx_word' id='word_1_317' title='bbox 1228 2987 1250 3004; x_wconf 83' lang='lat'><strong>‘⁴</strong></span> <span class='ocrx_word' id='word_1_318' title='bbox 1264 2981 1442 3029; x_wconf 80' lang='lat' dir='ltr'><strong>singulae‚”</strong></span> <span class='ocrx_word' id='word_1_319' title='bbox 1459 2983 1524 3018; x_wconf 90' lang='lat' dir='ltr'><strong>but</strong></span> <span class='ocrx_word' id='word_1_320' title='bbox 1547 2982 1766 3030; x_wconf 86' lang='lat' dir='ltr'><strong>incorrectly.</strong></span> <span class='ocrx_word' id='word_1_321' title='bbox 1821 2983 1901 3020; x_wconf 88' lang='lat' dir='ltr'><strong>The</strong></span> <span class='ocrx_word' id='word_1_322' title='bbox 1918 2985 2026 3027; x_wconf 86' lang='lat' dir='ltr'><strong>word,</strong></span> <span class='ocrx_word' id='word_1_323' title='bbox 2045 2985 2081 3020; x_wconf 91' lang='lat' dir='ltr'><strong>in</strong></span> <span class='ocrx_word' id='word_1_324' title='bbox 2105 2998 2151 3022; x_wconf 80' lang='lat' dir='ltr'><strong>an</strong></span> <span class='ocrx_word' id='word_1_325' title='bbox 2173 2988 2280 3034; x_wconf 86' lang='lat' dir='ltr'><strong>angli.</strong></span> 
     </span>
     <span class='ocr_line' id='line_1_34' title="bbox 335 3037 2281 3090; baseline 0.001 -14"><span class='ocrx_word' id='word_1_326' title='bbox 335 3039 432 3076; x_wconf 86' lang='lat' dir='ltr'><strong>cised</strong></span> <span class='ocrx_word' id='word_1_327' title='bbox 446 3039 546 3081; x_wconf 88' lang='lat' dir='ltr'><strong>form,</strong></span> <span class='ocrx_word' id='word_1_328' title='bbox 573 3040 602 3075; x_wconf 84' lang='lat' dir='ltr'><strong>is</strong></span> <span class='ocrx_word' id='word_1_329' title='bbox 621 3039 709 3075; x_wconf 84' lang='lat' dir='ltr'><strong>used</strong></span> <span class='ocrx_word' id='word_1_330' title='bbox 731 3040 767 3074; x_wconf 89' lang='lat' dir='ltr'><strong>in</strong></span> <span class='ocrx_word' id='word_1_331' title='bbox 783 3038 846 3075; x_wconf 91' lang='lat' dir='ltr'><strong>the</strong></span> <span class='ocrx_word' id='word_1_332' title='bbox 870 3038 1027 3075; x_wconf 82' lang='lat' dir='ltr'><strong>metrical</strong></span> <span class='ocrx_word' id='word_1_333' title='bbox 1049 3049 1214 3074; x_wconf 82' lang='lat' dir='ltr'><strong>romanoe</strong></span> <span class='ocrx_word' id='word_1_334' title='bbox 1238 3037 1282 3073; x_wconf 86' lang='lat' dir='ltr'><strong>os</strong></span> <span class='ocrx_word' id='word_1_335' title='bbox 1299 3037 1456 3085; x_wconf 77' lang='lat' dir='ltr'><strong>Lybeaue</strong></span> <span class='ocrx_word' id='word_1_336' title='bbox 1471 3038 1652 3080; x_wconf 69' lang='lat' dir='ltr'><strong>Disconue,</strong></span> <span class='ocrx_word' id='word_1_337' title='bbox 1673 3037 1792 3075; x_wconf 83' lang='lat' dir='ltr'><strong>where</strong></span> <span class='ocrx_word' id='word_1_338' title='bbox 1815 3039 1844 3074; x_wconf 86' lang='lat' dir='ltr'><strong>it</strong></span> <span class='ocrx_word' id='word_1_339' title='bbox 1867 3039 1896 3075; x_wconf 91' lang='lat' dir='ltr'><strong>is</strong></span> <span class='ocrx_word' id='word_1_340' title='bbox 1913 3046 1978 3076; x_wconf 82' lang='lat' dir='ltr'><strong>not</strong></span> <span class='ocrx_word' id='word_1_341' title='bbox 1994 3040 2211 3078; x_wconf 80' lang='lat' dir='ltr'><strong>understood</strong></span> <span class='ocrx_word' id='word_1_342' title='bbox 2234 3044 2281 3090; x_wconf 85' lang='lat' dir='ltr'><strong>by</strong></span> 
     </span>
     <span class='ocr_line' id='line_1_35' title="bbox 338 3093 2281 3143; baseline 0.001 -10"><span class='ocrx_word' id='word_1_343' title='bbox 338 3097 483 3137; x_wconf 69' lang='grc' dir='ltr'><strong>Βίἰεωις</strong></span> <span class='ocrx_word' id='word_1_344' title='bbox 509 3107 569 3132; x_wconf 90' lang='lat' dir='ltr'><strong>see</strong></span> <span class='ocrx_word' id='word_1_345' title='bbox 586 3095 640 3131; x_wconf 89' lang='lat' dir='ltr'><strong>his</strong></span> <span class='ocrx_word' id='word_1_346' title='bbox 658 3096 765 3143; x_wconf 81' lang='lat' dir='ltr'><strong>Engl.</strong></span> <span class='ocrx_word' id='word_1_347' title='bbox 785 3095 878 3131; x_wconf 79' lang='lat' dir='ltr'><strong>Met.</strong></span> <span class='ocrx_word' id='word_1_348' title='bbox 898 3096 1095 3135; x_wconf 68' lang='lat' dir='ltr'><strong>Romanoa,</strong></span> <span class='ocrx_word' id='word_1_349' title='bbox 1112 3094 1160 3130; x_wconf 87' lang='lat' dir='ltr'><strong>iii.</strong></span> <span class='ocrx_word' id='word_1_350' title='bbox 1180 3096 1262 3130; x_wconf 78' lang='lat'><strong>3⁹6.</strong></span> <span class='ocrx_word' id='word_1_351' title='bbox 1328 3093 1361 3129; x_wconf 87' lang='lat' dir='ltr'><strong>It</strong></span> <span class='ocrx_word' id='word_1_352' title='bbox 1376 3093 1418 3135; x_wconf 88' lang='lat' dir='ltr'><strong>is,</strong></span> <span class='ocrx_word' id='word_1_353' title='bbox 1440 3093 1457 3128; x_wconf 94' lang='lat'>1</span> <span class='ocrx_word' id='word_1_354' title='bbox 1473 3093 1688 3140; x_wconf 49' lang='lat' dir='ltr'><strong>apprehen&amp;</strong></span> <span class='ocrx_word' id='word_1_355' title='bbox 1707 3094 1856 3141; x_wconf 80' lang='lat' dir='ltr'><strong>nothing</strong></span> <span class='ocrx_word' id='word_1_356' title='bbox 1879 3106 1976 3132; x_wconf 89' lang='lat' dir='ltr'><strong>more</strong></span> <span class='ocrx_word' id='word_1_357' title='bbox 1991 3096 2079 3133; x_wconf 79' lang='lat' dir='ltr'><strong>than</strong></span> <span class='ocrx_word' id='word_1_358' title='bbox 2094 3109 2118 3134; x_wconf 81' lang='lat' dir='ltr'><strong>a</strong></span> <span class='ocrx_word' id='word_1_359' title='bbox 2132 3098 2281 3134; x_wconf 85' lang='lat' dir='ltr'><strong>diminu-</strong></span> 
     </span>
     <span class='ocr_line' id='line_1_36' title="bbox 335 3146 2280 3198; baseline 0.002 -10"><span class='ocrx_word' id='word_1_360' title='bbox 335 3151 408 3188; x_wconf 83' lang='lat' dir='ltr'><strong>tive</strong></span> <span class='ocrx_word' id='word_1_361' title='bbox 424 3151 468 3188; x_wconf 76' lang='lat' dir='ltr'><strong>of</strong></span> <span class='ocrx_word' id='word_1_362' title='bbox 475 3146 653 3188; x_wconf 75' lang='lat' dir='ltr'><strong>the&#39;word</strong></span> <span class='ocrx_word' id='word_1_363' title='bbox 669 3152 796 3198; x_wconf 77' lang='lat' dir='ltr'><strong>lingua,</strong></span> <span class='ocrx_word' id='word_1_364' title='bbox 815 3150 887 3187; x_wconf 84' lang='lat' dir='ltr'><strong>and</strong></span> <span class='ocrx_word' id='word_1_365' title='bbox 901 3150 931 3186; x_wconf 88' lang='lat' dir='ltr'><strong>is</strong></span> <span class='ocrx_word' id='word_1_366' title='bbox 946 3149 1116 3186; x_wconf 79' lang='lat' dir='ltr'><strong>intended</strong></span> <span class='ocrx_word' id='word_1_367' title='bbox 1131 3155 1170 3185; x_wconf 82' lang='lat' dir='ltr'><strong>to</strong></span> <span class='ocrx_word' id='word_1_368' title='bbox 1187 3159 1330 3196; x_wconf 75' lang='lat' dir='ltr'><strong>express</strong></span> <span class='ocrx_word' id='word_1_369' title='bbox 1345 3148 1450 3185; x_wconf 87' lang='lat' dir='ltr'><strong>those</strong></span> <span class='ocrx_word' id='word_1_370' title='bbox 1466 3149 1623 3196; x_wconf 82' lang='lat' dir='ltr'><strong>pendant</strong></span> <span class='ocrx_word' id='word_1_371' title='bbox 1638 3149 1722 3197; x_wconf 91' lang='lat' dir='ltr'><strong>slips</strong></span> <span class='ocrx_word' id='word_1_372' title='bbox 1739 3149 1856 3187; x_wconf 82' lang='lat' dir='ltr'><strong>which</strong></span> <span class='ocrx_word' id='word_1_373' title='bbox 1873 3162 1966 3188; x_wconf 76' lang='lat' dir='ltr'><strong>were</strong></span> <span class='ocrx_word' id='word_1_374' title='bbox 1981 3152 2148 3190; x_wconf 73' lang='lat' dir='ltr'><strong>attached</strong></span> <span class='ocrx_word' id='word_1_375' title='bbox 2162 3160 2202 3190; x_wconf 86' lang='lat' dir='ltr'><strong>to</strong></span> <span class='ocrx_word' id='word_1_376' title='bbox 2217 3154 2280 3190; x_wconf 81' lang='lat' dir='ltr'><strong>the</strong></span> 
     </span>
     <span class='ocr_line' id='line_1_37' title="bbox 336 3204 2274 3256; baseline 0.002 -13"><span class='ocrx_word' id='word_1_377' title='bbox 336 3207 423 3244; x_wconf 84' lang='lat' dir='ltr'><strong>ends</strong></span> <span class='ocrx_word' id='word_1_378' title='bbox 439 3207 484 3244; x_wconf 82' lang='lat' dir='ltr'><strong>of</strong></span> <span class='ocrx_word' id='word_1_379' title='bbox 498 3207 639 3245; x_wconf 76' lang='lat' dir='ltr'><strong>ancient</strong></span> <span class='ocrx_word' id='word_1_380' title='bbox 655 3208 817 3243; x_wconf 81' lang='lat' dir='ltr'><strong>banners.</strong></span> <span class='ocrx_word' id='word_1_381' title='bbox 871 3206 1074 3253; x_wconf 83' lang='lat' dir='ltr'><strong>Specimens</strong></span> <span class='ocrx_word' id='word_1_382' title='bbox 1090 3204 1133 3241; x_wconf 86' lang='lat' dir='ltr'><strong>os</strong></span> <span class='ocrx_word' id='word_1_383' title='bbox 1141 3205 1182 3247; x_wconf 87' lang='lat' dir='ltr'><strong>it,</strong></span> <span class='ocrx_word' id='word_1_384' title='bbox 1195 3204 1286 3241; x_wconf 80' lang='lat' dir='ltr'><strong>stom</strong></span> <span class='ocrx_word' id='word_1_385' title='bbox 1309 3216 1332 3241; x_wconf 75' lang='lat' dir='ltr'><strong>a</strong></span> <span class='ocrx_word' id='word_1_386' title='bbox 1354 3205 1570 3252; x_wconf 78' lang='lat' dir='ltr'><strong>manuscript</strong></span> <span class='ocrx_word' id='word_1_387' title='bbox 1593 3205 1766 3242; x_wconf 84' lang='lat' dir='ltr'><strong>executed</strong></span> <span class='ocrx_word' id='word_1_388' title='bbox 1781 3206 1906 3254; x_wconf 76' lang='lat' dir='ltr'><strong>during</strong></span> <span class='ocrx_word' id='word_1_389' title='bbox 1920 3207 1983 3244; x_wconf 86' lang='lat' dir='ltr'><strong>the</strong></span> <span class='ocrx_word' id='word_1_390' title='bbox 2007 3209 2102 3256; x_wconf 77' lang='lat' dir='ltr'><strong>reign</strong></span> <span class='ocrx_word' id='word_1_391' title='bbox 2118 3208 2161 3246; x_wconf 84' lang='lat' dir='ltr'><strong>os</strong></span> <span class='ocrx_word' id='word_1_392' title='bbox 2173 3209 2274 3246; x_wconf 86' lang='lat' dir='ltr'><strong>Hen-</strong></span> 
     </span>
     <span class='ocr_line' id='line_1_38' title="bbox 335 3260 1986 3311; baseline 0 -12"><span class='ocrx_word' id='word_1_393' title='bbox 335 3272 378 3309; x_wconf 83' lang='lat' dir='ltr'><strong>ry</strong></span> <span class='ocrx_word' id='word_1_394' title='bbox 394 3262 478 3306; x_wconf 74' lang='lat'>111„</span> <span class='ocrx_word' id='word_1_395' title='bbox 493 3274 574 3311; x_wconf 71' lang='lat' dir='ltr'><strong>may</strong></span> <span class='ocrx_word' id='word_1_396' title='bbox 589 3264 635 3301; x_wconf 85' lang='lat' dir='ltr'><strong>be</strong></span> <span class='ocrx_word' id='word_1_397' title='bbox 650 3274 734 3301; x_wconf 85' lang='lat' dir='ltr'><strong>seen</strong></span> <span class='ocrx_word' id='word_1_398' title='bbox 750 3263 787 3300; x_wconf 87' lang='lat' dir='ltr'><strong>in</strong></span> <span class='ocrx_word' id='word_1_399' title='bbox 804 3263 943 3299; x_wconf 68' lang='lat' dir='ltr'><strong>Str-utt’e</strong></span> <span class='ocrx_word' id='word_1_400' title='bbox 959 3262 1129 3298; x_wconf 66' lang='lat' dir='ltr'><strong>Mmoen</strong></span> <span class='ocrx_word' id='word_1_401' title='bbox 1143 3261 1213 3298; x_wconf 81' lang='lat' dir='ltr'><strong>and</strong></span> <span class='ocrx_word' id='word_1_402' title='bbox 1229 3261 1388 3303; x_wconf 73' lang='lat' dir='ltr'><strong>Custmne,</strong></span> <span class='ocrx_word' id='word_1_403' title='bbox 1407 3260 1520 3308; x_wconf 77' lang='lat' dir='ltr'><strong>plstes</strong></span> <span class='ocrx_word' id='word_1_404' title='bbox 1535 3263 1594 3303; x_wconf 79' lang='lat'><strong>46,</strong></span> <span class='ocrx_word' id='word_1_405' title='bbox 1614 3261 1673 3304; x_wconf 82' lang='lat'><strong>47,</strong></span> <span class='ocrx_word' id='word_1_406' title='bbox 1693 3263 1751 3305; x_wconf 82' lang='lat'><strong>50,</strong></span> <span class='ocrx_word' id='word_1_407' title='bbox 1769 3263 1829 3305; x_wconf 79' lang='lat'><strong>52,</strong></span> <span class='ocrx_word' id='word_1_408' title='bbox 1848 3264 1908 3304; x_wconf 74' lang='lat'><strong>53,</strong></span> <span class='ocrx_word' id='word_1_409' title='bbox 1925 3265 1986 3300; x_wconf 79' lang='lat'><strong>62.</strong></span> 
     </span>
    </p>
   </div>
  </div>
 </body>
</html>
