2904 3886
594 544 692 588 234
1320 537 1757 586 APPENDIX.

646 679 759 719 Circa
775 680 914 718 festum
931 679 1053 717 sancti
1071 679 1098 717 J
1099 678 1210 716 acobi
1228 690 1296 715 rex
1312 677 1455 727 Anglie
1473 682 1512 715 et
1529 689 1599 715 rex
1619 677 1753 716 Scocie
1772 690 1861 716 cum
1878 678 2131 716 excercitibus
2149 678 2227 716 suis
2245 679 2462 718 adinuicem
2478 693 2543 720 oc-

589 752 798 791 currerunt,
818 747 884 783 ubi
902 758 1037 795 pacem
1055 746 1154 782 inter
1168 757 1233 783 eos
1250 745 1492 796 pepigerunt.
1529 743 1602 789 Ita,
1621 750 1761 791 tamen,
1781 744 1886 795 quod
1901 755 1971 782 rex
1991 743 2210 783 Scottorum
2226 745 2311 796 regi
2330 745 2545 796 Anglorum

589 814 683 851 duas
701 812 798 851 filias
816 825 902 850 suas
921 813 1029 850 dedit
1047 811 1292 857 maritandas,
1312 824 1400 850 cum
1413 812 1494 850 xiii.
1513 812 1666 850 milibus
1682 811 1877 857 librarum,
1897 816 1937 849 et
1954 811 2057 862 cepit
2073 811 2283 850 licenceam
2300 813 2545 863 subuertendi

590 879 786 917 castellum
805 879 913 929 quod
931 883 1102 917 erectum
1119 878 1194 916 fuit
1212 883 1346 917 contra
1358 877 1542 924 Berewic‚
1562 878 1668 929 quod
1685 883 1725 916 et
1741 877 1887 916 factum
1905 882 1982 922 θεὶς
2001 882 2040 915 et
2052 890 2123 927 pro
2140 890 2237 928 pace
2253 879 2420 917 tenenda
2438 879 2546 916 dedit

591 947 624 981 ei
641 946 804 989 obsides,
823 945 922 983 filios
940 946 1149 995 proborum
1166 945 1365 983 hominum
1382 950 1484 982 terre
1503 957 1582 991 sue,
1601 949 1641 982 et
1658 944 1803 983 factum
1820 949 1879 982 est
1897 949 2031 983 contra
2047 944 2281 983 uolentatem
2302 944 2532 984 Scottorum.

643 1012 758 1049 Anno
774 1011 921 1050 M.clxii.
933 1024 1001 1048 rex
1021 1011 1248 1050 Malcolmus
1266 1012 1315 1049 de
1330 1024 1469 1062 magna
1480 1011 1718 1062 jnfirmitate‚
1738 1010 1826 1049 Deo
1845 1005 2059 1057 miserante,
2079 1011 2276 1050 conualuit
2292 1003 2395 1062 apud
2414 1010 2545 1049 Dane-

590 1083 724 1123 castre,
745 1083 784 1115 et
801 1078 912 1116 firma
928 1091 1004 1127 pax
1022 1079 1121 1134 inter
1142 1077 1355 1116 Henricum
1373 1091 1504 1130 regem
1524 1079 1666 1130 Anglie
1685 1083 1724 1116 et
1742 1079 1840 1116 inter
1860 1078 2109 1116 Malcolmum
2125 1090 2257 1128 regem
2277 1077 2423 1117 Scocie.

645 1145 761 1182 Anno
782 1145 971 1183 M.clxxiii.
992 1144 1207 1182 willelmus
1221 1156 1289 1182 rex
1306 1144 1536 1191 Scottorum,
1551 1150 1684 1183 uetera
1697 1146 1863 1195 dampna
1874 1156 1976 1182 nouo
1991 1144 2172 1182 conflictu
2186 1145 2368 1183 resarcire
2379 1157 2544 1193 sperans,

588 1212 689 1248 bella
707 1212 873 1249 inmania
883 1224 951 1261 per
969 1211 1128 1249 consilia
1141 1212 1273 1262 iniqua
1290 1217 1424 1250 contra
1437 1216 1644 1261 cognatum
1657 1224 1779 1257 suum,
1794 1212 1992 1249 dominum
2007 1210 2231 1256 Henricum,
2246 1223 2376 1261 regem
2393 1211 2545 1260 Anglie,

588 1280 793 1321 instaurat;
821 1283 860 1315 et
879 1291 967 1316 cum
994 1278 1139 1327 ingenti
1159 1279 1351 1316 excercitu
1369 1283 1494 1316 castra
1510 1282 1674 1316 metatus
1691 1283 1749 1315 est
1767 1283 1855 1316 ante
1873 1283 2040 1316 castrum
2057 1279 2162 1328 quod
2182 1277 2299 1315 Werc
2318 1278 2545 1322 nominatur,

592 1351 631 1382 et
648 1343 826 1382 moram*
847 1344 1121 1394 aliquantalum
1148 1345 1291 1382 ibidem
1317 1345 1409 1382 fecit
1437 1356 1594 1390 moram,
1622 1345 1692 1382 sed
1719 1344 1838 1382 nichil
1864 1344 1950 1393 plus
1970 1343 2145 1394 profecit.
2200 1343 2400 1382 Profectus
2418 1349 2546 1381 autem

592 1412 680 1448 inde
698 1423 778 1456 rex,
798 1423 976 1460 magnam
994 1415 1141 1460 partem
1158 1410 1434 1448 Northumbrie
1455 1410 1577 1448 Scotti
1597 1410 1800 1448 crudeliter
1819 1411 1908 1460 igne
1928 1410 2226 1455 combusserunt,
2239 1415 2278 1447 et
2295 1410 2446 1459 plebem
2465 1411 2546 1447 eius

592 1478 771 1515 ferociter
789 1477 920 1526 gladio
939 1478 1355 1514 transuerberauerunt.
1410 1476 1506 1513 Inde
1531 1477 1582 1514 ad
1604 1475 1824 1526 Carlegium
1850 1476 1923 1512 iter
1950 1481 2154 1514 recuruant
2172 1481 2210 1512 et
2238 1477 2435 1513 ciuitatem
2454 1477 2546 1513 totis

591 1544 736 1580 uiribus
748 1548 992 1592 oppugnant3
1011 1543 1078 1579 sed
1093 1543 1305 1580 excercitus
1314 1541 1336 1563 *
1352 1543 1494 1592 Anglie
1506 1542 1682 1580 simulato
1697 1555 1720 1580 a
1733 1542 1962 1592 quibusdam
1973 1546 2012 1579 et
2025 1541 2240 1592 significato
2259 1542 2439 1586 aduentu,
2455 1541 2546 1591 fuge

591 1622 630 1646 se
646 1610 829 1647 uelociter
847 1609 1045 1646 dederunt.

648 1677 764 1712 Anno
783 1675 968 1712 M.clxxiv.
989 1674 1205 1712 Willelmus
1222 1687 1290 1711 rex
1311 1673 1446 1713 Scoeie
1464 1686 1592 1712 rursus
1612 1675 1845 1712 excercitum
1865 1674 2038 1712 Alnewic
2058 1674 2208 1719 direxit,
2228 1673 2367 1711 multos
2385 1672 2544 1723 fugauit,

594 1742 733 1779 multos
751 1742 970 1791 prostrauit.

650 1808 765 1845 Anno
794 1808 965 1846 ivl-cxciii.
986 1806 1202 1844 Willelmus
1229 1819 1297 1844 rex
1327 1806 1547 1845 Scottorum
1574 1807 1651 1845 duo
1679 1807 1786 1846 milia
1812 1819 1958 1846 marcas
1986 1808 2135 1857 argenti
2162 1807 2213 1845 ad
2239 1807 2546 1856 redempcionem

598 1874 754 1912 Ricardi
772 1875 873 1924 regis
894 1873 1034 1924 Anglie
1054 1874 1101 1911 de
1123 1873 1377 1922 Rokesburgh
1396 1874 1511 1911 misit.

1494 1999 1511 2017 ⁴⁸*
1520 1997 1574 2023 Sic.

2586 1082 2647 1118 sol.
2661 1086 2718 1125 53,
2733 1085 2766 1118 b.
