2904 3886
634 527 724 570 180
1094 521 1520 571 CHRONICA
1565 521 2100 572 DE.MAILROS.
2250 525 2394 575 μΑ.Ι).
2420 531 2562 576 1253.

630 673 762 729 parte
786 665 970 729 legatos
994 679 1103 711 cum
1127 663 1218 710 suis
1242 663 1497 718 canonicis,
1521 670 1570 711 et
1592 679 1674 711 rex
1691 660 1756 712 ‘ex
1781 664 1928 712 altera
1951 671 2086 730 parte
2109 664 2215 713 suas
2236 661 2436 715 nuncios
2456 682 2566 716 cum

631 743 851 809 magistro
878 742 1019 798 Abel,
1045 742 1106 790 ad
1134 742 1315 790 curium
1341 741 1607 790 Romanam
1631 743 1994 792 transmiserunt.
2058 743 2155 793 Sed
2178 744 2400 811 magister
2426 742 2567 801 Abel,

631 832 682 871 ut
705 825 866 878 fertur,
890 821 1044 887 magis
1068 821 1270 887 diligens
1293 822 1424 870 suam
1448 822 1808 887 promotionem,
1833 820 1978 888 quam
2000 820 2135 889 'regis
2159 831 2242 872 aut
2264 822 2399 890 regni
2422 824 2568 876 hono-

632 920 744 957 rem,
771 919 798 950 a
822 903 1001 950 summo
1025 901 1246 966 pontifice
1271 902 1318 949 in
1354 902 1626 967 episcopum
1658 903 1704 951 se
1735 903 1887 968 ipsum
1919 901 2177 952 'consecrari
2209 904 2347 960 fecit3
2383 912 2432 952 et
2454 901 2570 953 fic'a

631 983 758 1029 curia
784 981 994 1030 disceflit.
2168 974 2170 976 ’
2400 983 2403 985 ’

700 1060 832 1109 Obiit
857 1061 1073 1109 dominus
1101 1061 1390 1110 Gillebertus
1415 1062 1660 1127 episcopus
1688 1061 1907 1111 Candide
1930 1062 2068 1119 Case,
2093 1063 2196 1128 post
2220 1080 2362 1128 quem
2386 1063 2568 1112 ele&cus

631 1141 697 1188 est
722 1141 940 1189 dominus
961 1140 1196 1189 Henricus
1216 1141 1364 1189 abbas
1389 1141 1449 1189 de
1473 1141 1654 1190 Saneta
1673 1141 1852 1198 Cruce;
1877 1150 1925 1191 et
1950 1142 2009 1191 de
2034 1142 2215 1192 Sana-a
2237 1142 2393 1192 Cruce
2411 1144 2569 1192 faetus

631 1221 698 1267 est
723 1219 871 1269 abbas
896 1220 1112 1268 dominus
1140 1220 1373 1269 Radulfus
1397 1221 1607 1286 ejusdem
1631 1221 1799 1271 domus
1823 1222 2094 1271 canonicus.

700 1299 885 1348 Eodem
905 1316 1029 1347 anno
1050 1298 1099 1347 H
1107 1299 1333 1364 [enricus]
1353 1317 1435 1348 rex
1456 1300 1632 1366 Anglie
1650 1301 2003 1350 transfretavitrr
2021 1309 2072 1350 ut
2096 1302 2280 1351 sedaret
2297 1310 2444 1351 terras
2462 1304 2567 1351 suas

631 1380 975 1435 transmarinas,
1011 1396 1153 1444 quem
1178 1381 1364 1428 secutus
1399 1380 1475 1428 est·
1501 1379 1685 1428 Alanus
1713 1380 1942 1429 Ostiarius
1971 1379 2149 1437 Scotie,
2182 1390 2230 1430 et
2264 1382 2420 1431 hostes
2443 1382 2568 1448 regis

634 1459 810 1524 Anglie
834 1460 1014 1506 sortiter
1039 1458 1291 1507 debellavit
1307 1466 1354 1507 et
1378 1459 1565 1515 devicit,
1585 1459 1711 1508 unde
1735 1460 1860 1526 regis
1876 1461 2132 1509 amicitiam
2154 1477 2249 1508 non
2268 1462 2415 1509 solum
2438 1479 2569 1510 recu-

631 1539 812 1603 peravit
850 1539 929 1586 sed
968 1546 1014 1586 et
1051 1539 1346 1586 accusatores
1383 1538 1489 1586 suos
1522 1538 1649 1603 apud
1685 1539 1889 1587 eundem
1923 1556 2086 1604 regem
2121 1556 2229 1587 cum
2262 1540 2569 1605 complicibus

630 1619 721 1666 suis
745 1620 791 1666 in
818 1618 976 1666 multis
1001 1618 1258 1673 accusavit3
1288 1618 1414 1666 unde
1438 1634 1615 1684 magna
1639 1618 1849 1667 diffenfio
1874 1619 1994 1668 inter
2017 1618 2272 1684 magnates
2292 1621 2425 1685 regni
2456 1619 2570 1668 Sco-

631 1698 694 1745 tie
719 1698 878 1752 crevit,
905 1705 955 1744 ut
979 1697 1025 1744 in
1051 1697 1442 1762 subsequentibus
1466 1698 1729 1763 apparebit.

701 1777 834 1825 Obiit
860 1776 1096 1825 Robertus
1125 1776 1315 1825 Grostet
1339 1778 1587 1843 episcopus
1615 1777 1876 1827 Lincolnie.

700 1857 841 1905 Anno
869 1857 1063 1905 Domini
1096 1857 1328 1922 M.cc.liiij.
1363 1857 1585 1923 magister
1612 1857 1739 1906 Abel
1762 1858 1888 1924 regis
1913 1857 2102 1907 confilio
2131 1859 2178 1906 in
2202 1859 2362 1924 primis
2387 1867 2568 1907 contra-

633 1938 854 1991 discente,
878 1936 958 1984 sed
982 1936 1145 2001 postea
1178 1944 1433 1993 annuente,
1465 1937 1684 1986 Scociam
1715 1938 1993 2003 ingreditur,
2026 1946 2074 1987 et
2109 1939 2156 1986 in
2190 1939 2461 2004 episcopatu
2487 1941 2567 1987 suo

631 2016 885 2064 honorifice
909 2016 1166 2081 suscipitur,
1192 2017 1273 2081 qui
1302 2016 1473 2065 eodem
1508 2034 1632 2065 anno
1656 2034 1715 2065 ex
1748 2017 1840 2066 hac
1871 2018 1977 2066 luce
2010 2018 2217 2082 eripitur.
2291 2018 2401 2065 Post
2425 2034 2567 2082 quem

631 2095 851 2161 magister
873 2095 1153 2144 Gamelinus
1175 2096 1301 2162 regis
1325 2097 1632 2145 cancellarius
1651 2114 1680 2144 a
1703 2097 1855 2161 priore
1872 2105 1919 2145 et
1944 2105 2179 2145 conventu
2202 2097 2351 2145 sancti
2375 2097 2566 2145 Andree

633 2175 836 2240 eligitur,
862 2182 909 2222 et
935 2192 962 2222 a
986 2191 1098 2240 rege
1124 2183 1170 2222 et
1195 2174 1464 2223 confiliariis
1488 2175 1590 2240 ejus
1614 2176 1662 2223 in
1687 2176 1961 2241 episcopatu
1985 2176 2299 2224 confirmatur.

701 2254 805 2302 Rex
831 2253 1030 2302 Francie
1055 2271 1084 2302 a
1111 2253 1390 2302 Ierosolimis
1414 2254 1701 2319 repatriavit.

700 2334 764 2381 Et
790 2333 1049 2381 Edwardus
1080 2334 1205 2398 regis
1240 2333 1417 2399 Anglie
1448 2334 1790 2400 primogenitus
1824 2334 1970 2383 filiam
1998 2335 2122 2400 regis
2162 2334 2367 2383 Castelle
2402 2333 2484 2382 fibi
2519 2336 2566 2382 in

632 2413 981 2461 matrimonium
1006 2412 1240 2468 affumfit,⁸
1264 2420 1311 2460 et
1336 2413 1396 2461 ab
1421 2430 1479 2461 eo
1503 2413 1637 2462 miles
1660 2413 1819 2462 factus
1843 2413 1924 2462 est.

702 2493 835 2541 Obiit
863 2492 1165 2540 Innocentius
1190 2509 1331 2557 papa,
1356 2492 1564 2541 suoceffit
1591 2492 1897 2541 Alexander.t

699 2573 841 2620 Anno
876 2572 1070 2620 Domini
1098 2573 1290 2621 M.cc.lv.
1325 2580 1645 2621 convenerunt
1676 2572 1804 2638 apud
1837 2572 2092 2621 Edenburc
2126 2572 2187 2621 ad
2223 2573 2466 2621 dominum
2498 2589 2566 2620 re-

634 2669 744 2717 gem
768 2669 932 2700 omnes
955 2660 1070 2699 natu
1094 2652 1298 2717 majores
1328 2652 1488 2700 Scotie
1512 2669 1571 2700 ex
1594 2669 1689 2700 uno
1713 2660 1862 2717 parte,
1877 2651 1967 2700 ⁴sed
1991 2659 2038 2701 et
2065 2651 2248 2701 Alanus
2270 2651 2498 2701 Ostiarius
2522 2659 2568 2700 et

633 2734 842 2780 fautores
867 2732 969 2796 ejus
993 2748 1051 2779 ex
1076 2731 1223 2779 altera
1241 2743 1391 2797 parte,
1408 2732 1489 2797 qui
1512 2732 1809 2798 multiplicati
1835 2739 1969 2780 erant
1991 2732 2129 2780 valde
2154 2731 2285 2796 quafi
2309 2732 2370 2780 ad
2392 2732 2567 2781 haben-

634 2812 742 2859 dam
765 2811 1053 2860 locutionem
1077 2811 1136 2859 de
1161 2812 1292 2876 pacis
1310 2812 1659 2868 reformatione,
1683 2829 1733 2860 re
1749 2819 1909 2860 autem
1933 2828 2044 2860 vera
2068 2812 2128 2859 de
2153 2811 2329 2860 domini
2352 2812 2419 2860 sui
2444 2812 2568 2877 regis

635 2892 867 2956 captione.
939 2890 1069 2939 Nam
1094 2907 1202 2939 curn
1226 2890 1401 2939 ibidem
1432 2891 1691 2940 statuissent
1722 2899 1773 2939 ut
1806 2891 1934 2957 apud
1963 2891 2215 2940 Striueline
2238 2891 2360 2939 infra
2390 2907 2566 2956 paucos

635 2970 734 3018 dies
758 2970 985 3019 deberent
1001 2971 1170 3019 iterum
1185 2971 1452 3027 convenire,
1478 2978 1526 3019 et
1549 2971 1725 3020 ibidem
1747 2971 1912 3036 procul
1930 2970 2076 3019 dubio
2099 2987 2268 3036 pacem
2296 2971 2564 3023 reformare,

636 3049 925 3115 abiffentque
949 3049 1192 3098 confiliarii
1216 3047 1341 3116 regis
1365 3067 1473 3099 cum
1497 3050 1666 3099 ceteris
1688 3049 2007 3116 magnatibus,
2031 3057 2084 3098 ut
2107 3054 2174 3098 ea‘
2196 3052 2291 3114 que
2311 3047 2565 3097 necefl'aria

636 3129 789 3176 forent
814 3129 874 3176 ad
897 3137 1081 3178 tantum
1105 3129 1246 3186 diem,
1270 3137 1611 3195 praepararent;
1645 3129 1798 3179 subito
1816 3146 1976 3179 comes
1996 3129 2226 3178 Patricius
2245 3135 2292 3176 et
2315 3127 2458 3175 ceteri
2483 3127 2562 3191 qui

681 3255 707 3271 ¹¹
726 3256 784 3290 M.
806 3257 917 3306 Pari«,
936 3268 971 3302 p.
989 3260 1077 3298 5813
1105 3259 1201 3294 Faed.
1219 3259 1243 3294 i.
1263 3261 1343 3300 295,
1363 3261 1445 3294 296.
1545 3258 1557 3275 ·
1576 3259 1644 3295 See
1661 3249 1965 3300 ademtae-15
1990 3257 2181 3296 zum-Paris,
2200 3266 2236 3302 p.
2254 3255 2348 3294 ⁵9⁷.·
2435 3255 2446 3275 ²
2468 3255 2566 3301 Pope

637 3312 808 3347 Innocent
827 3311 888 3346 IV.
909 3312 988 3348 died
1004 3324 1100 3359 upon
1115 3313 1177 3349 the
1194 3313 1258 3352 7th
1276 3313 1471 3350 December
1491 3315 1593 3354 1254,
1612 3313 1683 3350 and
1699 3324 1771 3348 was
1787 3311 1982 3350 succeeded
1997 3312 2044 3357 by
2063 3309 2260 3347 Alexander
2279 3310 2354 3345 IV:
2556 3316 2558 3318 ’

2631 755 2691 791 fol.
2711 758 2769 791 56.

2609 2640 2668 2677 fol.
2687 2644 2744 2677 56.
2765 2643 2798 2677 b.
