<?xml version="1.0" encoding="UTF-8"?>
<!DOCTYPE html PUBLIC "-//W3C//DTD XHTML 1.0 Transitional//EN"
    "http://www.w3.org/TR/xhtml1/DTD/xhtml1-transitional.dtd">
<html xmlns="http://www.w3.org/1999/xhtml" xml:lang="en" lang="en">
 <head>
  <title>
</title>
<meta http-equiv="Content-Type" content="text/html;charset=utf-8" />
  <meta name='ocr-system' content='tesseract 3.04.00' />
  <meta name='ocr-capabilities' content='ocr_page ocr_carea ocr_par ocr_line ocrx_word'/>
</head>
<body>
  <div class='ocr_page' id='page_1' title='image "./chronicdemailros00melruoft_0183.png"; bbox 0 0 2904 3886; ppageno 0'>
   <div class='ocr_carea' id='block_1_1' title="bbox 0 3345 17 3386">
    <p class='ocr_par' dir='ltr' id='par_1_1' title="bbox 0 3345 17 3386">
     <span class='ocr_line' id='line_1_1' title="bbox 0 3345 17 3386; textangle 90"><span class='ocrx_word' id='word_1_1' title='bbox 0 3345 17 3386; x_wconf 59' lang='grc' dir='ltr'>..ῖῖ</span> 
     </span>
    </p>
   </div>
   <div class='ocr_carea' id='block_1_2' title="bbox 0 3384 46 3886">
    <p class='ocr_par' dir='ltr' id='par_1_2' title="bbox 0 3384 46 3886">
     <span class='ocr_line' id='line_1_2' title="bbox 0 3384 31 3886; textangle 90"><span class='ocrx_word' id='word_1_2' title='bbox 0 3863 17 3886; x_wconf 56' lang='lat'>²9*</span> <span class='ocrx_word' id='word_1_3' title='bbox 0 3846 2 3853; x_wconf 99' lang='lat'><em>-</em></span> <span class='ocrx_word' id='word_1_4' title='bbox 0 3545 31 3822; x_wconf 30' lang='lat' dir='ltr'>fflmmi‘h‘ffzn&#39;*</span> <span class='ocrx_word' id='word_1_5' title='bbox 0 3384 20 3535; x_wconf 47' lang='lat' dir='ltr'>*-&#39;*&#39;g-;J:·7⁷;Js</span> 
     </span>
     <span class='ocr_line' id='line_1_3' title="bbox 0 3539 46 3886; textangle 90"><span class='ocrx_word' id='word_1_6' title='bbox 0 3819 44 3886; x_wconf 41' lang='lat'>⁸23÷4</span> <span class='ocrx_word' id='word_1_7' title='bbox 30 3778 38 3798; x_wconf 58' lang='grc' dir='ltr'>Α,</span> <span class='ocrx_word' id='word_1_8' title='bbox 32 3739 41 3766; x_wconf 50' lang='grc' dir='ltr'>ῃ.</span> <span class='ocrx_word' id='word_1_9' title='bbox 33 3671 38 3675; x_wconf 84' lang='grc'><strong>.</strong></span> <span class='ocrx_word' id='word_1_10' title='bbox 43 3646 46 3650; x_wconf 91' lang='lat'>.</span> <span class='ocrx_word' id='word_1_11' title='bbox 34 3573 38 3577; x_wconf 92' lang='lat'>.</span> <span class='ocrx_word' id='word_1_12' title='bbox 25 3557 30 3562; x_wconf 70' lang='lat'><strong>⁴</strong></span> <span class='ocrx_word' id='word_1_13' title='bbox 31 3539 34 3543; x_wconf 85' lang='lat'><em>-</em></span> 
     </span>
    </p>
   </div>
   <div class='ocr_carea' id='block_1_3' title="bbox 101 1204 290 1240">
    <p class='ocr_par' dir='ltr' id='par_1_3' title="bbox 101 1204 290 1240">
     <span class='ocr_line' id='line_1_4' title="bbox 101 1204 290 1240; baseline 0.011 -2"><span class='ocrx_word' id='word_1_14' title='bbox 101 1204 159 1238; x_wconf 85' lang='lat' dir='ltr'>fol.</span> <span class='ocrx_word' id='word_1_15' title='bbox 181 1207 237 1240; x_wconf 79' lang='lat'>42.</span> <span class='ocrx_word' id='word_1_16' title='bbox 257 1207 290 1240; x_wconf 91' lang='lat' dir='ltr'>b.</span> 
     </span>
    </p>
   </div>
   <div class='ocr_carea' id='block_1_4' title="bbox 361 483 2308 538">
    <p class='ocr_par' dir='ltr' id='par_1_4' title="bbox 361 483 2308 538">
     <span class='ocr_line' id='line_1_5' title="bbox 361 483 2308 538; baseline -0.001 0"><span class='ocrx_word' id='word_1_17' title='bbox 361 487 494 538; x_wconf 90' lang='lat' dir='ltr'>A.D.</span> <span class='ocrx_word' id='word_1_18' title='bbox 536 491 676 538; x_wconf 79' lang='lat'>1235.</span> <span class='ocrx_word' id='word_1_19' title='bbox 832 483 1260 537; x_wconf 89' lang='lat' dir='ltr'>CHRONICA</span> <span class='ocrx_word' id='word_1_20' title='bbox 1298 485 1399 535; x_wconf 92' lang='lat' dir='ltr'>DE</span> <span class='ocrx_word' id='word_1_21' title='bbox 1438 485 1822 536; x_wconf 87' lang='lat' dir='ltr'>MAILROS.</span> <span class='ocrx_word' id='word_1_22' title='bbox 2218 493 2308 536; x_wconf 88' lang='grc'>145</span> 
     </span>
    </p>
   </div>
   <div class='ocr_carea' id='block_1_5' title="bbox 355 627 2355 2772">
    <p class='ocr_par' dir='ltr' id='par_1_5' title="bbox 355 627 2308 1655">
     <span class='ocr_line' id='line_1_6' title="bbox 359 627 2308 695; baseline -0.001 -16"><span class='ocrx_word' id='word_1_23' title='bbox 359 629 584 680; x_wconf 81' lang='lat' dir='ltr'>abbatem</span> <span class='ocrx_word' id='word_1_24' title='bbox 609 629 669 678; x_wconf 88' lang='lat' dir='ltr'>de</span> <span class='ocrx_word' id='word_1_25' title='bbox 695 629 1026 694; x_wconf 85' lang='lat' dir='ltr'>Deretonsal,†</span> <span class='ocrx_word' id='word_1_26' title='bbox 1062 637 1111 678; x_wconf 91' lang='lat' dir='ltr'>et</span> <span class='ocrx_word' id='word_1_27' title='bbox 1141 629 1354 694; x_wconf 89' lang='lat' dir='ltr'>protinus</span> <span class='ocrx_word' id='word_1_28' title='bbox 1384 644 1492 676; x_wconf 92' lang='lat' dir='ltr'>cum</span> <span class='ocrx_word' id='word_1_29' title='bbox 1517 644 1575 676; x_wconf 92' lang='lat' dir='ltr'>eo</span> <span class='ocrx_word' id='word_1_30' title='bbox 1600 627 1663 676; x_wconf 89' lang='lat' dir='ltr'>ad</span> <span class='ocrx_word' id='word_1_31' title='bbox 1695 627 2101 695; x_wconf 90' lang='lat' dir='ltr'>archiepiscopum</span> <span class='ocrx_word' id='word_1_32' title='bbox 2126 628 2308 678; x_wconf 91' lang='lat' dir='ltr'>Ebora-</span> 
     </span>
     <span class='ocr_line' id='line_1_7' title="bbox 358 707 2308 774; baseline -0.001 -14"><span class='ocrx_word' id='word_1_33' title='bbox 358 713 560 768; x_wconf 90' lang='lat' dir='ltr'>censem,</span> <span class='ocrx_word' id='word_1_34' title='bbox 589 710 857 759; x_wconf 90' lang='lat' dir='ltr'>Walterum</span> <span class='ocrx_word' id='word_1_35' title='bbox 879 710 1054 759; x_wconf 91' lang='lat' dir='ltr'>scilicet</span> <span class='ocrx_word' id='word_1_36' title='bbox 1078 709 1138 758; x_wconf 89' lang='lat' dir='ltr'>de</span> <span class='ocrx_word' id='word_1_37' title='bbox 1165 709 1314 774; x_wconf 68' lang='lat' dir='ltr'>Gray,</span> <span class='ocrx_word' id='word_1_38' title='bbox 1339 708 1582 774; x_wconf 63' lang='lat' dir='ltr'>profectus</span> <span class='ocrx_word' id='word_1_39' title='bbox 1607 707 1690 764; x_wconf 87' lang='lat' dir='ltr'>est,</span> <span class='ocrx_word' id='word_1_40' title='bbox 1708 708 1949 774; x_wconf 90' lang='lat' dir='ltr'>postulans</span> <span class='ocrx_word' id='word_1_41' title='bbox 1974 708 2035 758; x_wconf 92' lang='lat' dir='ltr'>ab</span> <span class='ocrx_word' id='word_1_42' title='bbox 2054 726 2112 758; x_wconf 89' lang='lat' dir='ltr'>eo</span> <span class='ocrx_word' id='word_1_43' title='bbox 2136 726 2308 758; x_wconf 89' lang='lat' dir='ltr'>munus</span> 
     </span>
     <span class='ocr_line' id='line_1_8' title="bbox 358 788 2307 855; baseline -0.001 -15"><span class='ocrx_word' id='word_1_44' title='bbox 358 791 746 847; x_wconf 81' lang='lat' dir='ltr'>consecracionis,</span> <span class='ocrx_word' id='word_1_45' title='bbox 770 791 852 840; x_wconf 89' lang='lat' dir='ltr'>sed</span> <span class='ocrx_word' id='word_1_46' title='bbox 874 791 1068 838; x_wconf 89' lang='lat' dir='ltr'>minime</span> <span class='ocrx_word' id='word_1_47' title='bbox 1092 789 1319 855; x_wconf 85' lang='lat' dir='ltr'>percepit.</span> <span class='ocrx_word' id='word_1_48' title='bbox 1378 788 1612 838; x_wconf 85' lang='lat' dir='ltr'>Audierat</span> <span class='ocrx_word' id='word_1_49' title='bbox 1636 789 1763 837; x_wconf 90' lang='lat' dir='ltr'>enim</span> <span class='ocrx_word' id='word_1_50' title='bbox 1787 789 1847 837; x_wconf 91' lang='lat' dir='ltr'>de</span> <span class='ocrx_word' id='word_1_51' title='bbox 1871 790 2024 855; x_wconf 91' lang='lat' dir='ltr'>prima</span> <span class='ocrx_word' id='word_1_52' title='bbox 2048 790 2307 846; x_wconf 68' lang='lat' dir='ltr'>electione3</span> 
     </span>
     <span class='ocr_line' id='line_1_9' title="bbox 359 867 2307 936; baseline -0.001 -16"><span class='ocrx_word' id='word_1_53' title='bbox 359 872 484 920; x_wconf 91' lang='lat' dir='ltr'>unde</span> <span class='ocrx_word' id='word_1_54' title='bbox 509 870 659 920; x_wconf 89' lang='lat' dir='ltr'>caufis</span> <span class='ocrx_word' id='word_1_55' title='bbox 683 888 741 919; x_wconf 91' lang='lat' dir='ltr'>ex</span> <span class='ocrx_word' id='word_1_56' title='bbox 765 878 966 936; x_wconf 85' lang='lat' dir='ltr'>utraque</span> <span class='ocrx_word' id='word_1_57' title='bbox 990 877 1125 935; x_wconf 90' lang='lat' dir='ltr'>parte</span> <span class='ocrx_word' id='word_1_58' title='bbox 1150 868 1359 923; x_wconf 88' lang='lat' dir='ltr'>excuflis,</span> <span class='ocrx_word' id='word_1_59' title='bbox 1383 867 1604 917; x_wconf 91' lang='lat' dir='ltr'>Odonem</span> <span class='ocrx_word' id='word_1_60' title='bbox 1628 869 1895 934; x_wconf 88' lang='lat' dir='ltr'>reprobavit</span> <span class='ocrx_word' id='word_1_61' title='bbox 1914 877 1962 918; x_wconf 90' lang='lat' dir='ltr'>et</span> <span class='ocrx_word' id='word_1_62' title='bbox 1986 870 2307 935; x_wconf 67' lang='lat' dir='ltr'>supradictum</span> 
     </span>
     <span class='ocr_line' id='line_1_10' title="bbox 361 948 2307 1014; baseline -0.001 -14"><span class='ocrx_word' id='word_1_63' title='bbox 361 951 425 1000; x_wconf 91' lang='lat' dir='ltr'>G.</span> <span class='ocrx_word' id='word_1_64' title='bbox 451 951 739 1000; x_wconf 92' lang='lat' dir='ltr'>monachum</span> <span class='ocrx_word' id='word_1_65' title='bbox 764 950 1102 999; x_wconf 88' lang='lat' dir='ltr'>Melrosensem</span> <span class='ocrx_word' id='word_1_66' title='bbox 1127 949 1174 996; x_wconf 92' lang='lat' dir='ltr'>in</span> <span class='ocrx_word' id='word_1_67' title='bbox 1199 948 1487 1013; x_wconf 90' lang='lat' dir='ltr'>episcopum,</span> <span class='ocrx_word' id='word_1_68' title='bbox 1513 948 1750 997; x_wconf 89' lang='lat' dir='ltr'>dominica</span> <span class='ocrx_word' id='word_1_69' title='bbox 1781 949 1932 1014; x_wconf 91' lang='lat' dir='ltr'>prima</span> <span class='ocrx_word' id='word_1_70' title='bbox 1957 957 2066 999; x_wconf 87' lang='lat' dir='ltr'>ante</span> <span class='ocrx_word' id='word_1_71' title='bbox 2091 950 2307 999; x_wconf 89' lang='lat' dir='ltr'>nativita-</span> 
     </span>
     <span class='ocr_line' id='line_1_11' title="bbox 359 1027 2305 1095; baseline -0.001 -15"><span class='ocrx_word' id='word_1_72' title='bbox 359 1039 456 1080; x_wconf 90' lang='lat' dir='ltr'>tem</span> <span class='ocrx_word' id='word_1_73' title='bbox 481 1031 621 1080; x_wconf 90' lang='lat' dir='ltr'>beate</span> <span class='ocrx_word' id='word_1_74' title='bbox 649 1031 804 1078; x_wconf 86' lang='lat' dir='ltr'>Marie</span> <span class='ocrx_word' id='word_1_75' title='bbox 833 1029 972 1095; x_wconf 85' lang='lat' dir='ltr'>[Sep.</span> <span class='ocrx_word' id='word_1_76' title='bbox 991 1029 1064 1094; x_wconf 80' lang='lat'>2],</span> <span class='ocrx_word' id='word_1_77' title='bbox 1089 1029 1136 1076; x_wconf 91' lang='lat' dir='ltr'>in</span> <span class='ocrx_word' id='word_1_78' title='bbox 1162 1027 1359 1076; x_wconf 89' lang='lat' dir='ltr'>ecclefia</span> <span class='ocrx_word' id='word_1_79' title='bbox 1382 1027 1549 1092; x_wconf 90' lang='lat' dir='ltr'>majori</span> <span class='ocrx_word' id='word_1_80' title='bbox 1575 1027 1783 1076; x_wconf 91' lang='lat' dir='ltr'>Eboraci</span> <span class='ocrx_word' id='word_1_81' title='bbox 1808 1030 2110 1078; x_wconf 85' lang='lat' dir='ltr'>consecravit.</span> <span class='ocrx_word' id='word_1_82' title='bbox 2168 1030 2305 1086; x_wconf 88' lang='lat' dir='ltr'>Item,</span> 
     </span>
     <span class='ocr_line' id='line_1_12' title="bbox 360 1106 2306 1175; baseline -0.001 -16"><span class='ocrx_word' id='word_1_83' title='bbox 360 1111 560 1159; x_wconf 90' lang='lat' dir='ltr'>domnus</span> <span class='ocrx_word' id='word_1_84' title='bbox 597 1109 747 1175; x_wconf 90' lang='lat' dir='ltr'>Hugo</span> <span class='ocrx_word' id='word_1_85' title='bbox 783 1110 966 1158; x_wconf 69' lang='lat' dir='ltr'>electus</span> <span class='ocrx_word' id='word_1_86' title='bbox 991 1109 1051 1157; x_wconf 90' lang='lat' dir='ltr'>de</span> <span class='ocrx_word' id='word_1_87' title='bbox 1078 1108 1179 1156; x_wconf 87' lang='lat' dir='ltr'>Der</span> <span class='ocrx_word' id='word_1_88' title='bbox 1215 1107 1319 1172; x_wconf 89' lang='lat' dir='ltr'>post</span> <span class='ocrx_word' id='word_1_89' title='bbox 1351 1106 1677 1172; x_wconf 85' lang='lat' dir='ltr'>explecionem</span> <span class='ocrx_word' id='word_1_90' title='bbox 1713 1108 1851 1156; x_wconf 91' lang='lat' dir='ltr'>unius</span> <span class='ocrx_word' id='word_1_91' title='bbox 1884 1109 1994 1156; x_wconf 91' lang='lat' dir='ltr'>anni</span> <span class='ocrx_word' id='word_1_92' title='bbox 2026 1126 2122 1173; x_wconf 93' lang='lat' dir='ltr'>qua</span> <span class='ocrx_word' id='word_1_93' title='bbox 2150 1110 2306 1174; x_wconf 91' lang='lat' dir='ltr'>supra-</span> 
     </span>
     <span class='ocr_line' id='line_1_13' title="bbox 359 1187 2307 1255; baseline 0 -17"><span class='ocrx_word' id='word_1_94' title='bbox 359 1191 487 1240; x_wconf 70' lang='lat' dir='ltr'>dicte</span> <span class='ocrx_word' id='word_1_95' title='bbox 513 1189 707 1239; x_wconf 89' lang='lat' dir='ltr'>ecclefie</span> <span class='ocrx_word' id='word_1_96' title='bbox 742 1189 944 1255; x_wconf 84' lang='lat' dir='ltr'>praefuit,</span> <span class='ocrx_word' id='word_1_97' title='bbox 981 1196 1079 1236; x_wconf 89' lang='lat' dir='ltr'>tam</span> <span class='ocrx_word' id='word_1_98' title='bbox 1112 1204 1196 1254; x_wconf 90' lang='lat' dir='ltr'>pro</span> <span class='ocrx_word' id='word_1_99' title='bbox 1221 1187 1491 1235; x_wconf 89' lang='lat' dir='ltr'>infirmitate</span> <span class='ocrx_word' id='word_1_100' title='bbox 1522 1187 1729 1251; x_wconf 88' lang='lat' dir='ltr'>corporis</span> <span class='ocrx_word' id='word_1_101' title='bbox 1761 1204 1905 1251; x_wconf 92' lang='lat' dir='ltr'>quam</span> <span class='ocrx_word' id='word_1_102' title='bbox 1938 1205 2021 1252; x_wconf 90' lang='lat' dir='ltr'>pro</span> <span class='ocrx_word' id='word_1_103' title='bbox 2058 1190 2307 1253; x_wconf 87' lang='lat' dir='ltr'>asperitate</span> 
     </span>
     <span class='ocr_line' id='line_1_14' title="bbox 359 1266 2308 1333; baseline -0.001 -15"><span class='ocrx_word' id='word_1_104' title='bbox 359 1271 479 1320; x_wconf 90' lang='lat' dir='ltr'>aeris</span> <span class='ocrx_word' id='word_1_105' title='bbox 515 1270 691 1318; x_wconf 90' lang='lat' dir='ltr'>ibidem</span> <span class='ocrx_word' id='word_1_106' title='bbox 723 1269 977 1324; x_wconf 89' lang='lat' dir='ltr'>existentis,</span> <span class='ocrx_word' id='word_1_107' title='bbox 1004 1268 1065 1316; x_wconf 91' lang='lat' dir='ltr'>ad</span> <span class='ocrx_word' id='word_1_108' title='bbox 1095 1268 1383 1316; x_wconf 90' lang='lat' dir='ltr'>Melrosense</span> <span class='ocrx_word' id='word_1_109' title='bbox 1411 1266 1550 1315; x_wconf 89' lang='lat' dir='ltr'>rediit</span> <span class='ocrx_word' id='word_1_110' title='bbox 1579 1266 1847 1323; x_wconf 89' lang='lat' dir='ltr'>cenobium,</span> <span class='ocrx_word' id='word_1_111' title='bbox 1881 1267 2042 1333; x_wconf 92' lang='lat' dir='ltr'>ibique</span> <span class='ocrx_word' id='word_1_112' title='bbox 2071 1269 2153 1316; x_wconf 92' lang='lat' dir='ltr'>suo</span> <span class='ocrx_word' id='word_1_113' title='bbox 2183 1269 2308 1317; x_wconf 87' lang='lat' dir='ltr'>ceffit</span> 
     </span>
     <span class='ocr_line' id='line_1_15' title="bbox 357 1347 2307 1415; baseline -0.001 -16"><span class='ocrx_word' id='word_1_114' title='bbox 357 1351 534 1406; x_wconf 83' lang='lat' dir='ltr'>offici03</span> <span class='ocrx_word' id='word_1_115' title='bbox 564 1367 654 1399; x_wconf 90' lang='lat' dir='ltr'>nec</span> <span class='ocrx_word' id='word_1_116' title='bbox 677 1350 826 1398; x_wconf 91' lang='lat' dir='ltr'>multo</span> <span class='ocrx_word' id='word_1_117' title='bbox 851 1350 970 1415; x_wconf 90' lang='lat' dir='ltr'>post,</span> <span class='ocrx_word' id='word_1_118' title='bbox 995 1349 1042 1397; x_wconf 94' lang='lat' dir='ltr'>in</span> <span class='ocrx_word' id='word_1_119' title='bbox 1067 1349 1276 1414; x_wconf 85' lang='lat' dir='ltr'>prioratu</span> <span class='ocrx_word' id='word_1_120' title='bbox 1301 1347 1555 1403; x_wconf 90' lang='lat' dir='ltr'>restitutus,</span> <span class='ocrx_word' id='word_1_121' title='bbox 1580 1347 1781 1396; x_wconf 90' lang='lat' dir='ltr'>fideliter</span> <span class='ocrx_word' id='word_1_122' title='bbox 1804 1348 2025 1413; x_wconf 85' lang='lat' dir='ltr'>migravit</span> <span class='ocrx_word' id='word_1_123' title='bbox 2050 1348 2111 1396; x_wconf 91' lang='lat' dir='ltr'>ad</span> <span class='ocrx_word' id='word_1_124' title='bbox 2137 1349 2307 1397; x_wconf 90' lang='lat' dir='ltr'>Domi-</span> 
     </span>
     <span class='ocr_line' id='line_1_16' title="bbox 355 1427 2307 1493; baseline -0.001 -14"><span class='ocrx_word' id='word_1_125' title='bbox 355 1448 484 1479; x_wconf 91' lang='lat' dir='ltr'>num.</span> <span class='ocrx_word' id='word_1_126' title='bbox 558 1430 738 1479; x_wconf 74' lang='lat' dir='ltr'>Factus</span> <span class='ocrx_word' id='word_1_127' title='bbox 770 1431 838 1478; x_wconf 89' lang='lat' dir='ltr'>est</span> <span class='ocrx_word' id='word_1_128' title='bbox 869 1437 1030 1478; x_wconf 90' lang='lat' dir='ltr'>autem</span> <span class='ocrx_word' id='word_1_129' title='bbox 1063 1428 1211 1476; x_wconf 88' lang='lat' dir='ltr'>abbas</span> <span class='ocrx_word' id='word_1_130' title='bbox 1235 1429 1295 1476; x_wconf 90' lang='lat' dir='ltr'>de</span> <span class='ocrx_word' id='word_1_131' title='bbox 1322 1427 1423 1476; x_wconf 89' lang='lat' dir='ltr'>Der</span> <span class='ocrx_word' id='word_1_132' title='bbox 1450 1427 1686 1476; x_wconf 88' lang='lat' dir='ltr'>Robertus</span> <span class='ocrx_word' id='word_1_133' title='bbox 1712 1428 1920 1493; x_wconf 89' lang='lat' dir='ltr'>ejusdem</span> <span class='ocrx_word' id='word_1_134' title='bbox 1946 1429 2114 1478; x_wconf 90' lang='lat' dir='ltr'>domus</span> <span class='ocrx_word' id='word_1_135' title='bbox 2145 1446 2307 1478; x_wconf 87' lang='lat' dir='ltr'>mona-</span> 
     </span>
     <span class='ocr_line' id='line_1_17' title="bbox 358 1507 2308 1575; baseline -0.001 -16"><span class='ocrx_word' id='word_1_136' title='bbox 358 1511 488 1559; x_wconf 79' lang='lat' dir='ltr'>chus,</span> <span class='ocrx_word' id='word_1_137' title='bbox 544 1510 879 1559; x_wconf 63' lang='lat' dir='ltr'>&gt;Consecracio</span> <span class='ocrx_word' id='word_1_138' title='bbox 906 1509 1103 1557; x_wconf 90' lang='lat' dir='ltr'>Roberti</span> <span class='ocrx_word' id='word_1_139' title='bbox 1131 1508 1323 1557; x_wconf 89' lang='lat' dir='ltr'>Grostet</span> <span class='ocrx_word' id='word_1_140' title='bbox 1358 1509 1405 1556; x_wconf 92' lang='lat' dir='ltr'>in</span> <span class='ocrx_word' id='word_1_141' title='bbox 1441 1507 1753 1556; x_wconf 89' lang='lat' dir='ltr'>Lincolniam.</span> <span class='ocrx_word' id='word_1_142' title='bbox 1827 1507 1891 1555; x_wconf 94' lang='lat' dir='ltr'>H.</span> <span class='ocrx_word' id='word_1_143' title='bbox 1919 1526 1999 1556; x_wconf 85' lang='lat' dir='ltr'>rex</span> <span class='ocrx_word' id='word_1_144' title='bbox 2027 1508 2203 1575; x_wconf 87' lang='lat' dir='ltr'>Anglie</span> <span class='ocrx_word' id='word_1_145' title='bbox 2229 1510 2308 1557; x_wconf 91' lang='lat' dir='ltr'>de—</span> 
     </span>
     <span class='ocr_line' id='line_1_18' title="bbox 358 1590 830 1655; baseline 0 -17"><span class='ocrx_word' id='word_1_146' title='bbox 358 1591 590 1655; x_wconf 85' lang='lat' dir='ltr'>sponsavit</span> <span class='ocrx_word' id='word_1_147' title='bbox 618 1590 830 1638; x_wconf 90' lang='lat' dir='ltr'>Alienor.</span> 
     </span>
    </p>

    <p class='ocr_par' dir='ltr' id='par_1_6' title="bbox 356 1668 2355 2772">
     <span class='ocr_line' id='line_1_19' title="bbox 426 1668 2305 1735; baseline 0 -17"><span class='ocrx_word' id='word_1_148' title='bbox 426 1670 613 1718; x_wconf 91' lang='lat' dir='ltr'>Eodem</span> <span class='ocrx_word' id='word_1_149' title='bbox 639 1687 763 1719; x_wconf 90' lang='lat' dir='ltr'>anno</span> <span class='ocrx_word' id='word_1_150' title='bbox 783 1670 1020 1718; x_wconf 89' lang='lat' dir='ltr'>dominica</span> <span class='ocrx_word' id='word_1_151' title='bbox 1039 1669 1190 1735; x_wconf 89' lang='lat' dir='ltr'>prima</span> <span class='ocrx_word' id='word_1_152' title='bbox 1210 1675 1319 1716; x_wconf 90' lang='lat' dir='ltr'>ante</span> <span class='ocrx_word' id='word_1_153' title='bbox 1344 1668 1513 1716; x_wconf 89' lang='lat' dir='ltr'>festum</span> <span class='ocrx_word' id='word_1_154' title='bbox 1533 1668 1673 1716; x_wconf 90' lang='lat' dir='ltr'>beate</span> <span class='ocrx_word' id='word_1_155' title='bbox 1695 1668 1849 1716; x_wconf 92' lang='lat' dir='ltr'>Marie</span> <span class='ocrx_word' id='word_1_156' title='bbox 1871 1669 2164 1735; x_wconf 87' lang='lat' dir='ltr'>Magdalene</span> <span class='ocrx_word' id='word_1_157' title='bbox 2188 1670 2305 1735; x_wconf 89' lang='lat' dir='ltr'>[Jul.</span> 
     </span>
     <span class='ocr_line' id='line_1_20' title="bbox 364 1748 2307 1815; baseline 0.001 -19"><span class='ocrx_word' id='word_1_158' title='bbox 364 1749 496 1815; x_wconf 72' lang='lat'>15],*</span> <span class='ocrx_word' id='word_1_159' title='bbox 525 1750 742 1799; x_wconf 91' lang='lat' dir='ltr'>dominus</span> <span class='ocrx_word' id='word_1_160' title='bbox 767 1767 848 1798; x_wconf 90' lang='lat' dir='ltr'>rex</span> <span class='ocrx_word' id='word_1_161' title='bbox 885 1749 1088 1798; x_wconf 69' lang='lat' dir='ltr'>collecto</span> <span class='ocrx_word' id='word_1_162' title='bbox 1125 1749 1334 1797; x_wconf 88' lang='lat' dir='ltr'>exercitu</span> <span class='ocrx_word' id='word_1_163' title='bbox 1369 1750 1451 1796; x_wconf 89' lang='lat' dir='ltr'>suo</span> <span class='ocrx_word' id='word_1_164' title='bbox 1480 1748 1743 1796; x_wconf 89' lang='lat' dir='ltr'>Galweiam</span> <span class='ocrx_word' id='word_1_165' title='bbox 1775 1749 1962 1797; x_wconf 90' lang='lat' dir='ltr'>intravit</span> <span class='ocrx_word' id='word_1_166' title='bbox 1987 1757 2034 1797; x_wconf 90' lang='lat' dir='ltr'>et</span> <span class='ocrx_word' id='word_1_167' title='bbox 2066 1751 2213 1814; x_wconf 91' lang='lat' dir='ltr'>usque</span> <span class='ocrx_word' id='word_1_168' title='bbox 2246 1751 2307 1798; x_wconf 92' lang='lat' dir='ltr'>ad</span> 
     </span>
     <span class='ocr_line' id='line_1_21' title="bbox 358 1829 2307 1895; baseline 0.001 -18"><span class='ocrx_word' id='word_1_169' title='bbox 358 1832 514 1879; x_wconf 91' lang='lat' dir='ltr'>locum</span> <span class='ocrx_word' id='word_1_170' title='bbox 539 1831 648 1878; x_wconf 88' lang='lat' dir='ltr'>satis</span> <span class='ocrx_word' id='word_1_171' title='bbox 667 1831 764 1878; x_wconf 91' lang='lat' dir='ltr'>visu</span> <span class='ocrx_word' id='word_1_172' title='bbox 789 1831 1003 1895; x_wconf 91' lang='lat' dir='ltr'>pulcrum</span> <span class='ocrx_word' id='word_1_173' title='bbox 1022 1829 1227 1884; x_wconf 90' lang='lat' dir='ltr'>devenit,</span> <span class='ocrx_word' id='word_1_174' title='bbox 1253 1829 1300 1876; x_wconf 91' lang='lat' dir='ltr'>in</span> <span class='ocrx_word' id='word_1_175' title='bbox 1320 1845 1431 1893; x_wconf 89' lang='lat' dir='ltr'>quo,</span> <span class='ocrx_word' id='word_1_176' title='bbox 1451 1829 1675 1876; x_wconf 90' lang='lat' dir='ltr'>inclinato</span> <span class='ocrx_word' id='word_1_177' title='bbox 1695 1829 1796 1893; x_wconf 91' lang='lat' dir='ltr'>jam</span> <span class='ocrx_word' id='word_1_178' title='bbox 1822 1829 1914 1884; x_wconf 93' lang='lat' dir='ltr'>die,</span> <span class='ocrx_word' id='word_1_179' title='bbox 1938 1829 2085 1895; x_wconf 85' lang='lat' dir='ltr'>figere</span> <span class='ocrx_word' id='word_1_180' title='bbox 2105 1830 2307 1878; x_wconf 89' lang='lat' dir='ltr'>tentoria</span> 
     </span>
     <span class='ocr_line' id='line_1_22' title="bbox 356 1909 2307 1975; baseline 0.001 -18"><span class='ocrx_word' id='word_1_181' title='bbox 356 1910 617 1975; x_wconf 84' lang='lat' dir='ltr'>proposuit3</span> <span class='ocrx_word' id='word_1_182' title='bbox 654 1910 734 1958; x_wconf 90' lang='lat' dir='ltr'>sed</span> <span class='ocrx_word' id='word_1_183' title='bbox 762 1910 1095 1965; x_wconf 88' lang='lat' dir='ltr'>Galweienses,</span> <span class='ocrx_word' id='word_1_184' title='bbox 1120 1909 1257 1957; x_wconf 90' lang='lat' dir='ltr'>fitum</span> <span class='ocrx_word' id='word_1_185' title='bbox 1281 1909 1372 1956; x_wconf 93' lang='lat' dir='ltr'>loci</span> <span class='ocrx_word' id='word_1_186' title='bbox 1397 1909 1565 1956; x_wconf 91' lang='lat' dir='ltr'>melius</span> <span class='ocrx_word' id='word_1_187' title='bbox 1591 1909 1917 1973; x_wconf 86' lang='lat' dir='ltr'>agnoscentes,</span> <span class='ocrx_word' id='word_1_188' title='bbox 1943 1910 2024 1974; x_wconf 93' lang='lat' dir='ltr'>qui</span> <span class='ocrx_word' id='word_1_189' title='bbox 2048 1927 2131 1974; x_wconf 91' lang='lat' dir='ltr'>per</span> <span class='ocrx_word' id='word_1_190' title='bbox 2155 1917 2307 1958; x_wconf 91' lang='lat' dir='ltr'>totum</span> 
     </span>
     <span class='ocr_line' id='line_1_23' title="bbox 358 1988 2305 2054; baseline 0.001 -17"><span class='ocrx_word' id='word_1_191' title='bbox 358 1990 484 2038; x_wconf 90' lang='lat' dir='ltr'>diem</span> <span class='ocrx_word' id='word_1_192' title='bbox 509 1990 556 2037; x_wconf 92' lang='lat' dir='ltr'>in</span> <span class='ocrx_word' id='word_1_193' title='bbox 588 1990 827 2038; x_wconf 91' lang='lat' dir='ltr'>montibus</span> <span class='ocrx_word' id='word_1_194' title='bbox 862 1990 1179 2044; x_wconf 86' lang='lat' dir='ltr'>latitaverant,</span> <span class='ocrx_word' id='word_1_195' title='bbox 1203 2006 1330 2037; x_wconf 92' lang='lat' dir='ltr'>nunc</span> <span class='ocrx_word' id='word_1_196' title='bbox 1355 2005 1382 2036; x_wconf 89' lang='lat' dir='ltr'>e</span> <span class='ocrx_word' id='word_1_197' title='bbox 1407 1988 1641 2036; x_wconf 88' lang='lat' dir='ltr'>contrario</span> <span class='ocrx_word' id='word_1_198' title='bbox 1674 1989 1873 2053; x_wconf 86' lang='lat' dir='ltr'>prelium</span> <span class='ocrx_word' id='word_1_199' title='bbox 1897 1990 1999 2054; x_wconf 82' lang='lat' dir='ltr'>regi</span> <span class='ocrx_word' id='word_1_200' title='bbox 2024 1990 2305 2038; x_wconf 89' lang='lat' dir='ltr'>inferebant.</span> 
     </span>
     <span class='ocr_line' id='line_1_24' title="bbox 364 2068 2307 2135; baseline 0 -17"><span class='ocrx_word' id='word_1_201' title='bbox 364 2070 677 2135; x_wconf 67' lang='lat' dir='ltr'>Supradictus</span> <span class='ocrx_word' id='word_1_202' title='bbox 711 2070 940 2135; x_wconf 78' lang='lat' dir='ltr'>siquidem</span> <span class='ocrx_word' id='word_1_203' title='bbox 974 2070 1107 2118; x_wconf 92' lang='lat' dir='ltr'>locus</span> <span class='ocrx_word' id='word_1_204' title='bbox 1142 2086 1238 2117; x_wconf 91' lang='lat' dir='ltr'>non</span> <span class='ocrx_word' id='word_1_205' title='bbox 1266 2069 1510 2116; x_wconf 90' lang='lat' dir='ltr'>minimam</span> <span class='ocrx_word' id='word_1_206' title='bbox 1535 2069 1602 2116; x_wconf 88' lang='lat' dir='ltr'>eis</span> <span class='ocrx_word' id='word_1_207' title='bbox 1633 2068 1857 2116; x_wconf 85' lang='lat' dir='ltr'>fiduciam</span> <span class='ocrx_word' id='word_1_208' title='bbox 1890 2069 2180 2134; x_wconf 87' lang='lat' dir='ltr'>praestiterat,</span> <span class='ocrx_word' id='word_1_209' title='bbox 2207 2079 2307 2118; x_wconf 87' lang='lat' dir='ltr'>erat</span> 
     </span>
     <span class='ocr_line' id='line_1_25' title="bbox 358 2148 2307 2215; baseline 0.001 -18"><span class='ocrx_word' id='word_1_210' title='bbox 358 2150 484 2198; x_wconf 88' lang='lat' dir='ltr'>enim</span> <span class='ocrx_word' id='word_1_211' title='bbox 508 2150 716 2215; x_wconf 86' lang='lat' dir='ltr'>repletus</span> <span class='ocrx_word' id='word_1_212' title='bbox 741 2149 1010 2215; x_wconf 90' lang='lat' dir='ltr'>paludibus,</span> <span class='ocrx_word' id='word_1_213' title='bbox 1036 2149 1234 2214; x_wconf 90' lang='lat' dir='ltr'>desuper</span> <span class='ocrx_word' id='word_1_214' title='bbox 1268 2148 1417 2197; x_wconf 92' lang='lat' dir='ltr'>herba</span> <span class='ocrx_word' id='word_1_215' title='bbox 1442 2156 1488 2196; x_wconf 92' lang='lat' dir='ltr'>et</span> <span class='ocrx_word' id='word_1_216' title='bbox 1517 2149 1709 2199; x_wconf 89' lang='lat' dir='ltr'>floribus</span> <span class='ocrx_word' id='word_1_217' title='bbox 1734 2149 1943 2214; x_wconf 91' lang='lat' dir='ltr'>undique</span> <span class='ocrx_word' id='word_1_218' title='bbox 1969 2158 2235 2214; x_wconf 88' lang='lat' dir='ltr'>coopertus,</span> <span class='ocrx_word' id='word_1_219' title='bbox 2261 2151 2307 2198; x_wconf 90' lang='lat' dir='ltr'>in</span> 
     </span>
     <span class='ocr_line' id='line_1_26' title="bbox 359 2228 2308 2296; baseline 0 -18"><span class='ocrx_word' id='word_1_220' title='bbox 359 2230 530 2295; x_wconf 88' lang='lat' dir='ltr'>quibus</span> <span class='ocrx_word' id='word_1_221' title='bbox 571 2230 828 2295; x_wconf 68' lang='lat' dir='ltr'>supradicti</span> <span class='ocrx_word' id='word_1_222' title='bbox 868 2230 994 2296; x_wconf 86' lang='lat' dir='ltr'>regis</span> <span class='ocrx_word' id='word_1_223' title='bbox 1030 2229 1262 2278; x_wconf 88' lang='lat' dir='ltr'>exercitus</span> <span class='ocrx_word' id='word_1_224' title='bbox 1303 2246 1387 2294; x_wconf 90' lang='lat' dir='ltr'>pro</span> <span class='ocrx_word' id='word_1_225' title='bbox 1428 2228 1595 2293; x_wconf 86' lang='lat' dir='ltr'>majori</span> <span class='ocrx_word' id='word_1_226' title='bbox 1634 2236 1766 2293; x_wconf 87' lang='lat' dir='ltr'>parte</span> <span class='ocrx_word' id='word_1_227' title='bbox 1803 2237 1903 2277; x_wconf 90' lang='lat' dir='ltr'>erat</span> <span class='ocrx_word' id='word_1_228' title='bbox 1941 2229 2180 2278; x_wconf 88' lang='lat' dir='ltr'>dimersus.</span> <span class='ocrx_word' id='word_1_229' title='bbox 2256 2231 2308 2278; x_wconf 91' lang='lat' dir='ltr'>In</span> 
     </span>
     <span class='ocr_line' id='line_1_27' title="bbox 358 2308 2308 2374; baseline 0.001 -18"><span class='ocrx_word' id='word_1_230' title='bbox 358 2310 586 2374; x_wconf 88' lang='lat' dir='ltr'>principio</span> <span class='ocrx_word' id='word_1_231' title='bbox 612 2317 773 2358; x_wconf 88' lang='lat' dir='ltr'>autem</span> <span class='ocrx_word' id='word_1_232' title='bbox 808 2309 1077 2358; x_wconf 83' lang='lat' dir='ltr'>certaminis</span> <span class='ocrx_word' id='word_1_233' title='bbox 1114 2309 1379 2374; x_wconf 90' lang='lat' dir='ltr'>supervenit</span> <span class='ocrx_word' id='word_1_234' title='bbox 1416 2326 1575 2356; x_wconf 90' lang='lat' dir='ltr'>comes</span> <span class='ocrx_word' id='word_1_235' title='bbox 1603 2308 1833 2364; x_wconf 90' lang='lat' dir='ltr'>Rosenfis,</span> <span class='ocrx_word' id='word_1_236' title='bbox 1872 2310 2062 2357; x_wconf 90' lang='lat' dir='ltr'>nomine</span> <span class='ocrx_word' id='word_1_237' title='bbox 2091 2310 2308 2358; x_wconf 89' lang='lat' dir='ltr'>Mackin—</span> 
     </span>
     <span class='ocr_line' id='line_1_28' title="bbox 360 2389 2307 2455; baseline 0.001 -19"><span class='ocrx_word' id='word_1_238' title='bbox 360 2389 551 2455; x_wconf 83' lang='lat' dir='ltr'>sagart,¹</span> <span class='ocrx_word' id='word_1_239' title='bbox 575 2397 622 2438; x_wconf 86' lang='lat' dir='ltr'>et</span> <span class='ocrx_word' id='word_1_240' title='bbox 645 2390 802 2438; x_wconf 88' lang='lat' dir='ltr'>hostes</span> <span class='ocrx_word' id='word_1_241' title='bbox 826 2407 854 2437; x_wconf 89' lang='lat' dir='ltr'>a</span> <span class='ocrx_word' id='word_1_242' title='bbox 878 2397 1014 2455; x_wconf 85' lang='lat' dir='ltr'>tergo</span> <span class='ocrx_word' id='word_1_243' title='bbox 1040 2389 1312 2445; x_wconf 90' lang='lat' dir='ltr'>invadebat,</span> <span class='ocrx_word' id='word_1_244' title='bbox 1337 2389 1467 2454; x_wconf 92' lang='lat' dir='ltr'>quod</span> <span class='ocrx_word' id='word_1_245' title='bbox 1496 2389 1745 2454; x_wconf 89' lang='lat' dir='ltr'>postquam</span> <span class='ocrx_word' id='word_1_246' title='bbox 1771 2389 1831 2436; x_wconf 91' lang='lat' dir='ltr'>ab</span> <span class='ocrx_word' id='word_1_247' title='bbox 1863 2389 2072 2437; x_wconf 91' lang='lat' dir='ltr'>hostibus</span> <span class='ocrx_word' id='word_1_248' title='bbox 2098 2407 2307 2455; x_wconf 88' lang='lat' dir='ltr'>comper-</span> 
     </span>
     <span class='ocr_line' id='line_1_29' title="bbox 358 2468 2307 2534; baseline 0.001 -18"><span class='ocrx_word' id='word_1_249' title='bbox 358 2477 459 2516; x_wconf 89' lang='lat' dir='ltr'>tum</span> <span class='ocrx_word' id='word_1_250' title='bbox 484 2468 565 2524; x_wconf 91' lang='lat' dir='ltr'>est,</span> <span class='ocrx_word' id='word_1_251' title='bbox 590 2476 728 2534; x_wconf 86' lang='lat' dir='ltr'>terga</span> <span class='ocrx_word' id='word_1_252' title='bbox 757 2476 993 2518; x_wconf 88' lang='lat' dir='ltr'>vertentes</span> <span class='ocrx_word' id='word_1_253' title='bbox 1015 2476 1202 2517; x_wconf 91' lang='lat' dir='ltr'>montes</span> <span class='ocrx_word' id='word_1_254' title='bbox 1226 2468 1453 2533; x_wconf 88' lang='lat' dir='ltr'>filvasque</span> <span class='ocrx_word' id='word_1_255' title='bbox 1478 2469 1729 2534; x_wconf 90' lang='lat' dir='ltr'>petierunt,</span> <span class='ocrx_word' id='word_1_256' title='bbox 1755 2486 1875 2534; x_wconf 92' lang='lat' dir='ltr'>quos</span> <span class='ocrx_word' id='word_1_257' title='bbox 1910 2469 2206 2533; x_wconf 69' lang='lat' dir='ltr'>supradictus</span> <span class='ocrx_word' id='word_1_258' title='bbox 2231 2487 2307 2518; x_wconf 93' lang='lat' dir='ltr'>co-</span> 
     </span>
     <span class='ocr_line' id='line_1_30' title="bbox 358 2548 2307 2614; baseline 0.001 -18"><span class='ocrx_word' id='word_1_259' title='bbox 358 2565 474 2604; x_wconf 87' lang='lat' dir='ltr'>mes,</span> <span class='ocrx_word' id='word_1_260' title='bbox 499 2565 686 2596; x_wconf 87' lang='lat' dir='ltr'>necnon</span> <span class='ocrx_word' id='word_1_261' title='bbox 712 2556 759 2597; x_wconf 90' lang='lat' dir='ltr'>et</span> <span class='ocrx_word' id='word_1_262' title='bbox 784 2549 862 2596; x_wconf 88' lang='lat' dir='ltr'>alii</span> <span class='ocrx_word' id='word_1_263' title='bbox 886 2549 1022 2596; x_wconf 90' lang='lat' dir='ltr'>multi</span> <span class='ocrx_word' id='word_1_264' title='bbox 1053 2548 1436 2613; x_wconf 88' lang='lat' dir='ltr'>insequebantur,</span> <span class='ocrx_word' id='word_1_265' title='bbox 1461 2549 1666 2614; x_wconf 86' lang='lat' dir='ltr'>stragem</span> <span class='ocrx_word' id='word_1_266' title='bbox 1690 2566 1785 2596; x_wconf 92' lang='lat' dir='ltr'>non</span> <span class='ocrx_word' id='word_1_267' title='bbox 1810 2549 2052 2596; x_wconf 89' lang='lat' dir='ltr'>minimam</span> <span class='ocrx_word' id='word_1_268' title='bbox 2077 2550 2307 2599; x_wconf 89' lang='lat' dir='ltr'>facientes</span> 
     </span>
     <span class='ocr_line' id='line_1_31' title="bbox 359 2627 2355 2694; baseline 0.002 -19"><span class='ocrx_word' id='word_1_269' title='bbox 359 2636 406 2675; x_wconf 90' lang='lat' dir='ltr'>et</span> <span class='ocrx_word' id='word_1_270' title='bbox 431 2628 577 2693; x_wconf 89' lang='lat' dir='ltr'>usque</span> <span class='ocrx_word' id='word_1_271' title='bbox 603 2627 664 2675; x_wconf 88' lang='lat' dir='ltr'>ad</span> <span class='ocrx_word' id='word_1_272' title='bbox 688 2628 1014 2693; x_wconf 89' lang='lat' dir='ltr'>crepusculum</span> <span class='ocrx_word' id='word_1_273' title='bbox 1048 2629 1348 2677; x_wconf 88' lang='lat' dir='ltr'>lascerantes.</span> <span class='ocrx_word' id='word_1_274' title='bbox 1420 2628 1614 2676; x_wconf 89' lang='lat' dir='ltr'>Postera</span> <span class='ocrx_word' id='word_1_275' title='bbox 1650 2635 1810 2676; x_wconf 90' lang='lat' dir='ltr'>autem</span> <span class='ocrx_word' id='word_1_276' title='bbox 1835 2629 1911 2676; x_wconf 91' lang='lat' dir='ltr'>die</span> <span class='ocrx_word' id='word_1_277' title='bbox 1941 2628 2056 2693; x_wconf 90' lang='lat' dir='ltr'>[Jul.</span> <span class='ocrx_word' id='word_1_278' title='bbox 2090 2629 2168 2694; x_wconf 89' lang='lat'>16]</span> <span class='ocrx_word' id='word_1_279' title='bbox 2209 2647 2306 2686; x_wconf 88' lang='lat' dir='ltr'>rex,</span> <span class='ocrx_word' id='word_1_280' title='bbox 2349 2643 2355 2651; x_wconf 90' lang='lat'>&#39;</span> 
     </span>
     <span class='ocr_line' id='line_1_32' title="bbox 359 2707 2306 2772; baseline 0.002 -17"><span class='ocrx_word' id='word_1_281' title='bbox 359 2708 494 2756; x_wconf 89' lang='lat' dir='ltr'>solita</span> <span class='ocrx_word' id='word_1_282' title='bbox 518 2715 656 2756; x_wconf 88' lang='lat' dir='ltr'>utens</span> <span class='ocrx_word' id='word_1_283' title='bbox 679 2708 875 2772; x_wconf 88' lang='lat' dir='ltr'>pietate,</span> <span class='ocrx_word' id='word_1_284' title='bbox 901 2725 1069 2772; x_wconf 90' lang='lat' dir='ltr'>pacem</span> <span class='ocrx_word' id='word_1_285' title='bbox 1089 2708 1150 2755; x_wconf 89' lang='lat' dir='ltr'>ad</span> <span class='ocrx_word' id='word_1_286' title='bbox 1168 2709 1215 2756; x_wconf 93' lang='lat' dir='ltr'>se</span> <span class='ocrx_word' id='word_1_287' title='bbox 1235 2707 1453 2756; x_wconf 91' lang='lat' dir='ltr'>omnibus</span> <span class='ocrx_word' id='word_1_288' title='bbox 1472 2708 1768 2756; x_wconf 90' lang='lat' dir='ltr'>venientibus</span> <span class='ocrx_word' id='word_1_289' title='bbox 1792 2708 1969 2763; x_wconf 88' lang='lat' dir='ltr'>tribuit,</span> <span class='ocrx_word' id='word_1_290' title='bbox 1990 2708 2306 2759; x_wconf 86' lang='lat' dir='ltr'>Galweienses</span> 
     </span>
    </p>
   </div>
   <div class='ocr_carea' id='block_1_6' title="bbox 356 2845 2310 3338">
    <p class='ocr_par' dir='ltr' id='par_1_7' title="bbox 356 2845 2310 3338">
     <span class='ocr_line' id='line_1_33' title="bbox 420 2845 2308 2893; baseline 0.002 -12"><span class='ocrx_word' id='word_1_291' title='bbox 420 2849 440 2891; x_wconf 87' lang='lat'>†</span> <span class='ocrx_word' id='word_1_292' title='bbox 465 2846 544 2882; x_wconf 89' lang='lat' dir='ltr'>The</span> <span class='ocrx_word' id='word_1_293' title='bbox 562 2846 706 2881; x_wconf 89' lang='lat' dir='ltr'>modern</span> <span class='ocrx_word' id='word_1_294' title='bbox 729 2858 831 2881; x_wconf 89' lang='lat' dir='ltr'>name</span> <span class='ocrx_word' id='word_1_295' title='bbox 849 2846 891 2881; x_wconf 89' lang='lat' dir='ltr'>of</span> <span class='ocrx_word' id='word_1_296' title='bbox 900 2846 970 2881; x_wconf 90' lang='lat' dir='ltr'>this</span> <span class='ocrx_word' id='word_1_297' title='bbox 987 2846 1087 2892; x_wconf 90' lang='lat' dir='ltr'>place</span> <span class='ocrx_word' id='word_1_298' title='bbox 1105 2846 1134 2880; x_wconf 91' lang='lat' dir='ltr'>is</span> <span class='ocrx_word' id='word_1_299' title='bbox 1151 2845 1268 2880; x_wconf 84' lang='lat' dir='ltr'>rather</span> <span class='ocrx_word' id='word_1_300' title='bbox 1286 2846 1478 2880; x_wconf 88' lang='lat' dir='ltr'>uncertain.</span> <span class='ocrx_word' id='word_1_301' title='bbox 1531 2846 1769 2891; x_wconf 67' lang='lat' dir='ltr'>Maephen-on,</span> <span class='ocrx_word' id='word_1_302' title='bbox 1790 2846 1825 2881; x_wconf 91' lang='lat' dir='ltr'>in</span> <span class='ocrx_word' id='word_1_303' title='bbox 1848 2846 1902 2880; x_wconf 89' lang='lat' dir='ltr'>his</span> <span class='ocrx_word' id='word_1_304' title='bbox 1920 2847 2134 2893; x_wconf 87' lang='lat' dir='ltr'>manuscript</span> <span class='ocrx_word' id='word_1_305' title='bbox 2150 2855 2253 2884; x_wconf 90' lang='lat' dir='ltr'>notes</span> <span class='ocrx_word' id='word_1_306' title='bbox 2270 2857 2308 2885; x_wconf 89' lang='lat' dir='ltr'>to</span> 
     </span>
     <span class='ocr_line' id='line_1_34' title="bbox 357 2901 2309 2949; baseline 0.002 -12"><span class='ocrx_word' id='word_1_307' title='bbox 357 2904 418 2937; x_wconf 91' lang='lat' dir='ltr'>the</span> <span class='ocrx_word' id='word_1_308' title='bbox 435 2909 576 2949; x_wconf 86' lang='lat' dir='ltr'>present</span> <span class='ocrx_word' id='word_1_309' title='bbox 594 2902 781 2943; x_wconf 87' lang='lat' dir='ltr'>ebronicle,</span> <span class='ocrx_word' id='word_1_310' title='bbox 797 2903 1015 2948; x_wconf 87' lang='lat' dir='ltr'>conjectures</span> <span class='ocrx_word' id='word_1_311' title='bbox 1033 2901 1110 2936; x_wconf 90' lang='lat' dir='ltr'>that</span> <span class='ocrx_word' id='word_1_312' title='bbox 1127 2902 1154 2936; x_wconf 86' lang='lat' dir='ltr'>it</span> <span class='ocrx_word' id='word_1_313' title='bbox 1171 2913 1251 2948; x_wconf 85' lang='lat' dir='ltr'>may</span> <span class='ocrx_word' id='word_1_314' title='bbox 1265 2902 1310 2936; x_wconf 94' lang='lat' dir='ltr'>be</span> <span class='ocrx_word' id='word_1_315' title='bbox 1326 2901 1563 2946; x_wconf 90' lang='lat' dir='ltr'>Der-congall,</span> <span class='ocrx_word' id='word_1_316' title='bbox 1583 2903 1606 2936; x_wconf 81' lang='lat' dir='ltr'>i.</span> <span class='ocrx_word' id='word_1_317' title='bbox 1622 2915 1651 2936; x_wconf 84' lang='lat' dir='ltr'>e.</span> <span class='ocrx_word' id='word_1_318' title='bbox 1667 2902 1729 2936; x_wconf 82' lang='lat' dir='ltr'>the</span> <span class='ocrx_word' id='word_1_319' title='bbox 1743 2902 1811 2936; x_wconf 88' lang='lat' dir='ltr'>oak</span> <span class='ocrx_word' id='word_1_320' title='bbox 1828 2901 1870 2936; x_wconf 90' lang='lat' dir='ltr'>of</span> <span class='ocrx_word' id='word_1_321' title='bbox 1880 2902 2035 2948; x_wconf 72' lang='lat' dir='ltr'>Congafl,</span> <span class='ocrx_word' id='word_1_322' title='bbox 2052 2904 2254 2949; x_wconf 84' lang='lat' dir='ltr'>equivalent</span> <span class='ocrx_word' id='word_1_323' title='bbox 2270 2913 2309 2942; x_wconf 91' lang='lat' dir='ltr'>to</span> 
     </span>
     <span class='ocr_line' id='line_1_35' title="bbox 360 2956 2310 3007; baseline 0.001 -13"><span class='ocrx_word' id='word_1_324' title='bbox 360 2959 571 3005; x_wconf 89' lang='lat' dir='ltr'>Holywood,</span> <span class='ocrx_word' id='word_1_325' title='bbox 592 2959 628 2992; x_wconf 91' lang='lat' dir='ltr'>in</span> <span class='ocrx_word' id='word_1_326' title='bbox 649 2958 843 3004; x_wconf 82' lang='lat' dir='ltr'>Galloway.</span> <span class='ocrx_word' id='word_1_327' title='bbox 882 2957 970 2992; x_wconf 87' lang='lat' dir='ltr'>This</span> <span class='ocrx_word' id='word_1_328' title='bbox 988 2958 1189 3003; x_wconf 86' lang='lat' dir='ltr'>conjecture</span> <span class='ocrx_word' id='word_1_329' title='bbox 1205 2957 1234 2991; x_wconf 88' lang='lat' dir='ltr'>is</span> <span class='ocrx_word' id='word_1_330' title='bbox 1252 2957 1422 2992; x_wconf 87' lang='lat' dir='ltr'>rendered</span> <span class='ocrx_word' id='word_1_331' title='bbox 1438 2956 1564 2991; x_wconf 88' lang='lat' dir='ltr'>almost</span> <span class='ocrx_word' id='word_1_332' title='bbox 1585 2958 1727 2998; x_wconf 85' lang='lat' dir='ltr'>certain,</span> <span class='ocrx_word' id='word_1_333' title='bbox 1747 2958 1794 3003; x_wconf 91' lang='lat' dir='ltr'>by</span> <span class='ocrx_word' id='word_1_334' title='bbox 1810 2957 1995 3003; x_wconf 87' lang='lat' dir='ltr'>observing</span> <span class='ocrx_word' id='word_1_335' title='bbox 2011 2958 2089 2993; x_wconf 86' lang='lat' dir='ltr'>that</span> <span class='ocrx_word' id='word_1_336' title='bbox 2109 2960 2310 3007; x_wconf 87' lang='lat' dir='ltr'>Holywood</span> 
     </span>
     <span class='ocr_line' id='line_1_36' title="bbox 356 3012 2309 3061; baseline 0.002 -12"><span class='ocrx_word' id='word_1_337' title='bbox 356 3015 384 3049; x_wconf 88' lang='lat' dir='ltr'>is</span> <span class='ocrx_word' id='word_1_338' title='bbox 402 3014 601 3049; x_wconf 85' lang='lat' dir='ltr'>sometimes</span> <span class='ocrx_word' id='word_1_339' title='bbox 620 3014 731 3049; x_wconf 88' lang='lat' dir='ltr'>called</span> <span class='ocrx_word' id='word_1_340' title='bbox 750 3013 970 3058; x_wconf 84' lang='lat' dir='ltr'>Dercongall.</span> <span class='ocrx_word' id='word_1_341' title='bbox 990 3013 1026 3047; x_wconf 91' lang='lat' dir='ltr'>in</span> <span class='ocrx_word' id='word_1_342' title='bbox 1046 3012 1157 3058; x_wconf 88' lang='lat' dir='ltr'>Papal</span> <span class='ocrx_word' id='word_1_343' title='bbox 1173 3012 1276 3047; x_wconf 89' lang='lat' dir='ltr'>bulls.</span> <span class='ocrx_word' id='word_1_344' title='bbox 1330 3013 1397 3047; x_wconf 90' lang='lat' dir='ltr'>See</span> <span class='ocrx_word' id='word_1_345' title='bbox 1415 3013 1648 3058; x_wconf 59' lang='lat' dir='ltr'>spottiswood,</span> <span class='ocrx_word' id='word_1_346' title='bbox 1668 3024 1704 3058; x_wconf 88' lang='lat' dir='ltr'>p.</span> <span class='ocrx_word' id='word_1_347' title='bbox 1725 3015 1812 3053; x_wconf 85' lang='lat'>399;</span> <span class='ocrx_word' id='word_1_348' title='bbox 1844 3013 1914 3048; x_wconf 87' lang='lat' dir='ltr'>and</span> <span class='ocrx_word' id='word_1_349' title='bbox 1935 3013 1971 3048; x_wconf 88' lang='lat' dir='ltr'>in</span> <span class='ocrx_word' id='word_1_350' title='bbox 1991 3013 2053 3049; x_wconf 84' lang='lat' dir='ltr'>the</span> <span class='ocrx_word' id='word_1_351' title='bbox 2070 3016 2246 3061; x_wconf 81' lang='lat' dir='ltr'>appendix</span> <span class='ocrx_word' id='word_1_352' title='bbox 2270 3025 2309 3053; x_wconf 91' lang='lat' dir='ltr'>to</span> 
     </span>
     <span class='ocr_line' id='line_1_37' title="bbox 357 3067 2309 3115; baseline 0.002 -10"><span class='ocrx_word' id='word_1_353' title='bbox 357 3071 559 3105; x_wconf 74' lang='lat' dir='ltr'>Hamilton&#39;s</span> <span class='ocrx_word' id='word_1_354' title='bbox 578 3071 731 3110; x_wconf 82' lang='lat' dir='ltr'>Lanark‚</span> <span class='ocrx_word' id='word_1_355' title='bbox 752 3081 786 3115; x_wconf 92' lang='lat' dir='ltr'>p.</span> <span class='ocrx_word' id='word_1_356' title='bbox 806 3072 884 3109; x_wconf 79' lang='lat'>185,</span> <span class='ocrx_word' id='word_1_357' title='bbox 905 3075 1064 3114; x_wconf 85' lang='lat' dir='ltr'>amongst</span> <span class='ocrx_word' id='word_1_358' title='bbox 1081 3068 1143 3103; x_wconf 88' lang='lat' dir='ltr'>the</span> <span class='ocrx_word' id='word_1_359' title='bbox 1160 3068 1343 3103; x_wconf 85' lang='lat' dir='ltr'>witnesses</span> <span class='ocrx_word' id='word_1_360' title='bbox 1360 3074 1398 3102; x_wconf 92' lang='lat' dir='ltr'>to</span> <span class='ocrx_word' id='word_1_361' title='bbox 1415 3080 1437 3102; x_wconf 88' lang='lat' dir='ltr'>a</span> <span class='ocrx_word' id='word_1_362' title='bbox 1453 3067 1601 3108; x_wconf 84' lang='lat' dir='ltr'>charter,</span> <span class='ocrx_word' id='word_1_363' title='bbox 1618 3068 1723 3103; x_wconf 88' lang='lat' dir='ltr'>dated</span> <span class='ocrx_word' id='word_1_364' title='bbox 1739 3068 1775 3102; x_wconf 92' lang='lat' dir='ltr'>in</span> <span class='ocrx_word' id='word_1_365' title='bbox 1792 3070 1894 3109; x_wconf 83' lang='lat'>1225,</span> <span class='ocrx_word' id='word_1_366' title='bbox 1910 3081 1964 3104; x_wconf 87' lang='lat' dir='ltr'>we</span> <span class='ocrx_word' id='word_1_367' title='bbox 1982 3069 2073 3105; x_wconf 88' lang='lat' dir='ltr'>have</span> <span class='ocrx_word' id='word_1_368' title='bbox 2090 3071 2181 3112; x_wconf 91' lang='lat' dir='ltr'>Odo,</span> <span class='ocrx_word' id='word_1_369' title='bbox 2202 3073 2309 3109; x_wconf 84' lang='lat' dir='ltr'>abbot</span> 
     </span>
     <span class='ocr_line' id='line_1_38' title="bbox 356 3124 2309 3172; baseline 0.001 -11"><span class='ocrx_word' id='word_1_370' title='bbox 356 3126 399 3160; x_wconf 87' lang='lat' dir='ltr'>of</span> <span class='ocrx_word' id='word_1_371' title='bbox 412 3132 435 3146; x_wconf 82' lang='lat'>‘⁶</span> <span class='ocrx_word' id='word_1_372' title='bbox 449 3126 695 3172; x_wconf 83' lang='lat' dir='ltr'>Dercungall,&#39;’</span> <span class='ocrx_word' id='word_1_373' title='bbox 713 3132 804 3160; x_wconf 89' lang='lat' dir='ltr'>most</span> <span class='ocrx_word' id='word_1_374' title='bbox 820 3125 925 3171; x_wconf 88' lang='lat' dir='ltr'>likely</span> <span class='ocrx_word' id='word_1_375' title='bbox 942 3125 1003 3160; x_wconf 88' lang='lat' dir='ltr'>the</span> <span class='ocrx_word' id='word_1_376' title='bbox 1020 3124 1210 3159; x_wconf 79' lang='lat' dir='ltr'>individua]</span> <span class='ocrx_word' id='word_1_377' title='bbox 1227 3124 1428 3159; x_wconf 88' lang='lat' dir='ltr'>mentioned</span> <span class='ocrx_word' id='word_1_378' title='bbox 1445 3124 1480 3158; x_wconf 92' lang='lat' dir='ltr'>in</span> <span class='ocrx_word' id='word_1_379' title='bbox 1497 3124 1559 3159; x_wconf 90' lang='lat' dir='ltr'>the</span> <span class='ocrx_word' id='word_1_380' title='bbox 1577 3130 1663 3159; x_wconf 88' lang='lat' dir='ltr'>text.</span> <span class='ocrx_word' id='word_1_381' title='bbox 1795 3130 1811 3143; x_wconf 88' lang='lat'>¹·</span> <span class='ocrx_word' id='word_1_382' title='bbox 1833 3124 2031 3172; x_wconf 86' lang='lat' dir='ltr'>According</span> <span class='ocrx_word' id='word_1_383' title='bbox 2046 3132 2085 3160; x_wconf 90' lang='lat' dir='ltr'>to</span> <span class='ocrx_word' id='word_1_384' title='bbox 2102 3126 2164 3161; x_wconf 90' lang='lat' dir='ltr'>the</span> <span class='ocrx_word' id='word_1_385' title='bbox 2181 3127 2309 3163; x_wconf 83' lang='lat' dir='ltr'>valued</span> 
     </span>
     <span class='ocr_line' id='line_1_39' title="bbox 357 3179 2306 3229; baseline 0.002 -13"><span class='ocrx_word' id='word_1_386' title='bbox 357 3181 535 3229; x_wconf 89' lang='lat' dir='ltr'>authority</span> <span class='ocrx_word' id='word_1_387' title='bbox 553 3181 594 3216; x_wconf 90' lang='lat' dir='ltr'>of</span> <span class='ocrx_word' id='word_1_388' title='bbox 606 3182 665 3216; x_wconf 89' lang='lat' dir='ltr'>M.</span> <span class='ocrx_word' id='word_1_389' title='bbox 687 3182 798 3222; x_wconf 75' lang='lat' dir='ltr'>Paris,</span> <span class='ocrx_word' id='word_1_390' title='bbox 819 3193 854 3227; x_wconf 91' lang='lat' dir='ltr'>p.</span> <span class='ocrx_word' id='word_1_391' title='bbox 874 3183 955 3221; x_wconf 84' lang='lat'>294,</span> <span class='ocrx_word' id='word_1_392' title='bbox 980 3180 1179 3215; x_wconf 84' lang='lat' dir='ltr'>Alexander</span> <span class='ocrx_word' id='word_1_393' title='bbox 1197 3180 1436 3215; x_wconf 89' lang='lat' dir='ltr'>encountered</span> <span class='ocrx_word' id='word_1_394' title='bbox 1461 3180 1530 3214; x_wconf 89' lang='lat' dir='ltr'>and</span> <span class='ocrx_word' id='word_1_395' title='bbox 1547 3179 1708 3215; x_wconf 86' lang='lat' dir='ltr'>defeated</span> <span class='ocrx_word' id='word_1_396' title='bbox 1727 3179 1789 3214; x_wconf 87' lang='lat' dir='ltr'>the</span> <span class='ocrx_word' id='word_1_397' title='bbox 1808 3180 2004 3226; x_wconf 79' lang='lat' dir='ltr'>insurgents</span> <span class='ocrx_word' id='word_1_398' title='bbox 2021 3181 2057 3216; x_wconf 91' lang='lat' dir='ltr'>in</span> <span class='ocrx_word' id='word_1_399' title='bbox 2078 3182 2178 3228; x_wconf 90' lang='lat' dir='ltr'>April</span> <span class='ocrx_word' id='word_1_400' title='bbox 2198 3185 2306 3225; x_wconf 83' lang='lat'>1236;</span> 
     </span>
     <span class='ocr_line' id='line_1_40' title="bbox 357 3235 2305 3283; baseline 0.002 -11"><span class='ocrx_word' id='word_1_401' title='bbox 357 3238 421 3272; x_wconf 87' lang='lat' dir='ltr'>but</span> <span class='ocrx_word' id='word_1_402' title='bbox 438 3249 502 3272; x_wconf 90' lang='lat' dir='ltr'>our</span> <span class='ocrx_word' id='word_1_403' title='bbox 515 3237 692 3272; x_wconf 89' lang='lat' dir='ltr'>chronicle</span> <span class='ocrx_word' id='word_1_404' title='bbox 708 3237 737 3272; x_wconf 89' lang='lat' dir='ltr'>is</span> <span class='ocrx_word' id='word_1_405' title='bbox 754 3236 923 3283; x_wconf 86' lang='lat' dir='ltr'>probably</span> <span class='ocrx_word' id='word_1_406' title='bbox 939 3243 1073 3271; x_wconf 90' lang='lat' dir='ltr'>correct</span> <span class='ocrx_word' id='word_1_407' title='bbox 1085 3236 1121 3270; x_wconf 92' lang='lat' dir='ltr'>in</span> <span class='ocrx_word' id='word_1_408' title='bbox 1134 3236 1177 3270; x_wconf 89' lang='lat' dir='ltr'>its</span> <span class='ocrx_word' id='word_1_409' title='bbox 1196 3236 1306 3270; x_wconf 86' lang='lat' dir='ltr'>dates.</span> <span class='ocrx_word' id='word_1_410' title='bbox 1453 3235 1464 3256; x_wconf 85' lang='lat'>¹</span> <span class='ocrx_word' id='word_1_411' title='bbox 1487 3235 1660 3282; x_wconf 89' lang='lat' dir='ltr'>Probably</span> <span class='ocrx_word' id='word_1_412' title='bbox 1675 3235 1889 3282; x_wconf 80' lang='lat' dir='ltr'>Ferquhasd,</span> <span class='ocrx_word' id='word_1_413' title='bbox 1910 3237 2042 3272; x_wconf 91' lang='lat' dir='ltr'>second</span> <span class='ocrx_word' id='word_1_414' title='bbox 2058 3238 2129 3272; x_wconf 83' lang='lat' dir='ltr'>earl</span> <span class='ocrx_word' id='word_1_415' title='bbox 2146 3238 2189 3273; x_wconf 91' lang='lat' dir='ltr'>of</span> <span class='ocrx_word' id='word_1_416' title='bbox 2196 3238 2305 3279; x_wconf 88' lang='lat' dir='ltr'>Ross;</span> 
     </span>
     <span class='ocr_line' id='line_1_41' title="bbox 356 3291 2245 3338; baseline 0.002 -12"><span class='ocrx_word' id='word_1_417' title='bbox 356 3303 418 3327; x_wconf 85' lang='lat' dir='ltr'>see</span> <span class='ocrx_word' id='word_1_418' title='bbox 435 3292 509 3328; x_wconf 85' lang='lat' dir='ltr'>also</span> <span class='ocrx_word' id='word_1_419' title='bbox 530 3294 681 3334; x_wconf 81' lang='lat' dir='ltr'>Fordun,</span> <span class='ocrx_word' id='word_1_420' title='bbox 701 3293 735 3327; x_wconf 94' lang='lat' dir='ltr'>ii.</span> <span class='ocrx_word' id='word_1_421' title='bbox 756 3295 813 3327; x_wconf 92' lang='lat'>61.</span> <span class='ocrx_word' id='word_1_422' title='bbox 868 3292 975 3338; x_wconf 91' lang='lat' dir='ltr'>Upon</span> <span class='ocrx_word' id='word_1_423' title='bbox 991 3291 1061 3326; x_wconf 88' lang='lat' dir='ltr'>this</span> <span class='ocrx_word' id='word_1_424' title='bbox 1079 3291 1177 3327; x_wconf 86' lang='lat' dir='ltr'>word</span> <span class='ocrx_word' id='word_1_425' title='bbox 1191 3291 1417 3338; x_wconf 75' lang='lat' dir='ltr'>Maepherson</span> <span class='ocrx_word' id='word_1_426' title='bbox 1434 3291 1598 3331; x_wconf 88' lang='lat' dir='ltr'>remarks,</span> <span class='ocrx_word' id='word_1_427' title='bbox 1623 3296 1646 3311; x_wconf 90' lang='lat'><strong><em>“</em></strong></span> <span class='ocrx_word' id='word_1_428' title='bbox 1664 3291 1802 3326; x_wconf 87' lang='lat' dir='ltr'>videtur</span> <span class='ocrx_word' id='word_1_429' title='bbox 1819 3303 1896 3327; x_wconf 88' lang='lat' dir='ltr'>esse</span> <span class='ocrx_word' id='word_1_430' title='bbox 1912 3291 2003 3327; x_wconf 82' lang='lat' dir='ltr'>filius</span> <span class='ocrx_word' id='word_1_431' title='bbox 2020 3294 2245 3330; x_wconf 83' lang='lat' dir='ltr'>sacerdotis.”</span> 
     </span>
    </p>
   </div>
   <div class='ocr_carea' id='block_1_7' title="bbox 921 3370 950 3402">
    <p class='ocr_par' dir='ltr' id='par_1_8' title="bbox 921 3370 950 3402">
     <span class='ocr_line' id='line_1_42' title="bbox 921 3370 950 3402; baseline 0 0"><span class='ocrx_word' id='word_1_432' title='bbox 921 3370 950 3402; x_wconf 89' lang='grc' dir='ltr'><strong>Τ</strong></span> 
     </span>
    </p>
   </div>
  </div>
 </body>
</html>
