<?xml version="1.0" encoding="UTF-8"?>
<!DOCTYPE html PUBLIC "-//W3C//DTD XHTML 1.0 Transitional//EN"
    "http://www.w3.org/TR/xhtml1/DTD/xhtml1-transitional.dtd">
<html xmlns="http://www.w3.org/1999/xhtml" xml:lang="en" lang="en">
 <head>
  <title>
</title>
<meta http-equiv="Content-Type" content="text/html;charset=utf-8" />
  <meta name='ocr-system' content='tesseract 3.04.00' />
  <meta name='ocr-capabilities' content='ocr_page ocr_carea ocr_par ocr_line ocrx_word'/>
</head>
<body>
  <div class='ocr_page' id='page_1' title='image "./chronicdemailros00melruoft_0236.png"; bbox 0 0 2904 3886; ppageno 0'>
   <div class='ocr_carea' id='block_1_1' title="bbox 604 504 2526 567">
    <p class='ocr_par' dir='ltr' id='par_1_1' title="bbox 604 504 2526 567">
     <span class='ocr_line' id='line_1_1' title="bbox 604 504 2526 567; baseline 0.002 -7"><span class='ocrx_word' id='word_1_1' title='bbox 604 517 695 566; x_wconf 86' lang='lat'>194</span> <span class='ocrx_word' id='word_1_2' title='bbox 893 532 897 535; x_wconf 97' lang='lat'>·</span> <span class='ocrx_word' id='word_1_3' title='bbox 1059 504 1487 557; x_wconf 88' lang='lat' dir='ltr'>CHRONICA</span> <span class='ocrx_word' id='word_1_4' title='bbox 1529 506 1630 556; x_wconf 89' lang='lat' dir='ltr'>DE</span> <span class='ocrx_word' id='word_1_5' title='bbox 1679 505 2061 559; x_wconf 79' lang='lat' dir='ltr'>MA&#39;ILRO&#39;S.</span> <span class='ocrx_word' id='word_1_6' title='bbox 2215 512 2350 563; x_wconf 63' lang='grc' dir='ltr'>ΑΔ).</span> <span class='ocrx_word' id='word_1_7' title='bbox 2380 514 2526 567; x_wconf 81' lang='lat'>1264.</span> 
     </span>
    </p>
   </div>
   <div class='ocr_carea' id='block_1_2' title="bbox 601 644 2535 3241">
    <p class='ocr_par' dir='ltr' id='par_1_2' title="bbox 601 644 2535 3241">
     <span class='ocr_line' id='line_1_2' title="bbox 603 644 2531 712; baseline 0.001 -12"><span class='ocrx_word' id='word_1_8' title='bbox 603 651 832 700; x_wconf 60' lang='lat' dir='ltr'>indire6oe</span> <span class='ocrx_word' id='word_1_9' title='bbox 855 650 1011 697; x_wconf 89' lang='lat' dir='ltr'>versus</span> <span class='ocrx_word' id='word_1_10' title='bbox 1034 647 1282 695; x_wconf 88' lang='lat' dir='ltr'>australem</span> <span class='ocrx_word' id='word_1_11' title='bbox 1305 645 1600 695; x_wconf 91' lang='lat' dir='ltr'>occidentem</span> <span class='ocrx_word' id='word_1_12' title='bbox 1627 644 1804 712; x_wconf 89' lang='lat' dir='ltr'>Anglie</span> <span class='ocrx_word' id='word_1_13' title='bbox 1827 645 2062 702; x_wconf 90' lang='lat' dir='ltr'>fito,·cum</span> <span class='ocrx_word' id='word_1_14' title='bbox 2084 648 2257 698; x_wconf 85' lang='lat' dir='ltr'>comite</span> <span class='ocrx_word' id='word_1_15' title='bbox 2278 649 2531 704; x_wconf 81' lang='lat' dir='ltr'>Glovemie</span> 
     </span>
     <span class='ocr_line' id='line_1_3' title="bbox 605 724 2532 797; baseline 0.002 -19"><span class='ocrx_word' id='word_1_16' title='bbox 605 738 653 778; x_wconf 90' lang='lat' dir='ltr'>et</span> <span class='ocrx_word' id='word_1_17' title='bbox 685 730 786 777; x_wconf 92' lang='lat' dir='ltr'>aliis</span> <span class='ocrx_word' id='word_1_18' title='bbox 817 726 1065 775; x_wconf 85' lang='lat' dir='ltr'>comitibus</span> <span class='ocrx_word' id='word_1_19' title='bbox 1096 725 1275 790; x_wconf 90' lang='lat' dir='ltr'>paucis,</span> <span class='ocrx_word' id='word_1_20' title='bbox 1300 741 1408 773; x_wconf 90' lang='lat' dir='ltr'>cum</span> <span class='ocrx_word' id='word_1_21' title='bbox 1441 724 1612 790; x_wconf 89' lang='lat' dir='ltr'>quibus</span> <span class='ocrx_word' id='word_1_22' title='bbox 1643 732 1777 773; x_wconf 86' lang='lat' dir='ltr'>erant</span> <span class='ocrx_word' id='word_1_23' title='bbox 1809 724 2011 775; x_wconf 89' lang='lat' dir='ltr'>barones</span> <span class='ocrx_word' id='word_1_24' title='bbox 2041 727 2142 776; x_wconf 87' lang='lat' dir='ltr'>fere</span> <span class='ocrx_word' id='word_1_25' title='bbox 2170 729 2315 778; x_wconf 86' lang='lat' dir='ltr'>totius</span> <span class='ocrx_word' id='word_1_26' title='bbox 2339 729 2532 797; x_wconf 79' lang='lat' dir='ltr'>Anglie,</span> 
     </span>
     <span class='ocr_line' id='line_1_4' title="bbox 605 803 2532 872; baseline 0.001 -15"><span class='ocrx_word' id='word_1_27' title='bbox 605 817 652 858; x_wconf 89' lang='lat' dir='ltr'>et</span> <span class='ocrx_word' id='word_1_28' title='bbox 679 808 823 856; x_wconf 90' lang='lat' dir='ltr'>incliti</span> <span class='ocrx_word' id='word_1_29' title='bbox 848 806 1018 854; x_wconf 83' lang='lat' dir='ltr'><strong>milites</strong></span> <span class='ocrx_word' id='word_1_30' title='bbox 1042 804 1388 870; x_wconf 85' lang='lat' dir='ltr'><strong>quamplurimi,</strong></span> <span class='ocrx_word' id='word_1_31' title='bbox 1413 821 1521 852; x_wconf 92' lang='lat' dir='ltr'>cum</span> <span class='ocrx_word' id='word_1_32' title='bbox 1553 803 1844 869; x_wconf 87' lang='lat' dir='ltr'>equestribus</span> <span class='ocrx_word' id='word_1_33' title='bbox 1877 805 2036 854; x_wconf 91' lang='lat' dir='ltr'>multis</span> <span class='ocrx_word' id='word_1_34' title='bbox 2066 813 2115 854; x_wconf 90' lang='lat' dir='ltr'>et</span> <span class='ocrx_word' id='word_1_35' title='bbox 2144 807 2436 872; x_wconf 88' lang='lat' dir='ltr'>pedestribus</span> <span class='ocrx_word' id='word_1_36' title='bbox 2465 810 2532 859; x_wconf 88' lang='lat' dir='ltr'>in-</span> 
     </span>
     <span class='ocr_line' id='line_1_5' title="bbox 603 882 2533 954; baseline 0.002 -20"><span class='ocrx_word' id='word_1_37' title='bbox 603 886 823 940; x_wconf 86' lang='lat' dir='ltr'><strong>numeris,</strong></span> <span class='ocrx_word' id='word_1_38' title='bbox 858 885 978 932; x_wconf 91' lang='lat' dir='ltr'>inter</span> <span class='ocrx_word' id='word_1_39' title='bbox 1012 900 1132 948; x_wconf 92' lang='lat' dir='ltr'>quos</span> <span class='ocrx_word' id='word_1_40' title='bbox 1167 890 1300 932; x_wconf 90' lang='lat' dir='ltr'>erant</span> <span class='ocrx_word' id='word_1_41' title='bbox 1334 883 1468 931; x_wconf 88' lang='lat' dir='ltr'>multi</span> <span class='ocrx_word' id='word_1_42' title='bbox 1503 882 1724 932; x_wconf 89' lang='lat' dir='ltr'>balistarii</span> <span class='ocrx_word' id='word_1_43' title='bbox 1760 891 1809 932; x_wconf 89' lang='lat' dir='ltr'>et</span> <span class='ocrx_word' id='word_1_44' title='bbox 1842 884 2164 942; x_wconf 88' lang='lat' dir='ltr'>fundibularii,</span> <span class='ocrx_word' id='word_1_45' title='bbox 2193 887 2275 952; x_wconf 92' lang='lat' dir='ltr'>qui</span> <span class='ocrx_word' id='word_1_46' title='bbox 2308 903 2533 954; x_wconf 85' lang='lat' dir='ltr'>magnam</span> 
     </span>
     <span class='ocr_line' id='line_1_6' title="bbox 604 962 2533 1027; baseline 0.002 -13"><span class='ocrx_word' id='word_1_47' title='bbox 604 964 922 1014; x_wconf 79' lang='lat' dir='ltr'>confusionem</span> <span class='ocrx_word' id='word_1_48' title='bbox 952 964 999 1010; x_wconf 91' lang='lat' dir='ltr'>in</span> <span class='ocrx_word' id='word_1_49' title='bbox 1024 963 1281 1011; x_wconf 90' lang='lat' dir='ltr'>exercitum</span> <span class='ocrx_word' id='word_1_50' title='bbox 1311 962 1451 1027; x_wconf 90' lang='lat' dir='ltr'>regis,</span> <span class='ocrx_word' id='word_1_51' title='bbox 1477 979 1535 1011; x_wconf 91' lang='lat' dir='ltr'>ex</span> <span class='ocrx_word' id='word_1_52' title='bbox 1563 962 1701 1027; x_wconf 64' lang='lat' dir='ltr'>jaetu</span> <span class='ocrx_word' id='word_1_53' title='bbox 1731 962 1942 1027; x_wconf 90' lang='lat' dir='ltr'>lapidum</span> <span class='ocrx_word' id='word_1_54' title='bbox 1973 980 2105 1013; x_wconf 91' lang='lat' dir='ltr'>more</span> <span class='ocrx_word' id='word_1_55' title='bbox 2135 966 2327 1015; x_wconf 89' lang='lat' dir='ltr'>tonitrui</span> <span class='ocrx_word' id='word_1_56' title='bbox 2357 967 2406 1016; x_wconf 92' lang='lat' dir='ltr'>in</span> <span class='ocrx_word' id='word_1_57' title='bbox 2429 968 2533 1018; x_wconf 87' lang='lat' dir='ltr'>illos</span> 
     </span>
     <span class='ocr_line' id='line_1_7' title="bbox 605 1041 2534 1112; baseline 0.002 -19"><span class='ocrx_word' id='word_1_58' title='bbox 605 1044 879 1094; x_wconf 90' lang='lat' dir='ltr'>irruentium</span> <span class='ocrx_word' id='word_1_59' title='bbox 915 1060 942 1091; x_wconf 93' lang='lat' dir='ltr'>e</span> <span class='ocrx_word' id='word_1_60' title='bbox 976 1042 1249 1096; x_wconf 85' lang='lat' dir='ltr'>fundibulis,</span> <span class='ocrx_word' id='word_1_61' title='bbox 1273 1042 1321 1089; x_wconf 93' lang='lat' dir='ltr'>in</span> <span class='ocrx_word' id='word_1_62' title='bbox 1356 1041 1435 1089; x_wconf 93' lang='lat' dir='ltr'>illo</span> <span class='ocrx_word' id='word_1_63' title='bbox 1460 1041 1536 1089; x_wconf 93' lang='lat' dir='ltr'>die</span> <span class='ocrx_word' id='word_1_64' title='bbox 1570 1050 1869 1107; x_wconf 89' lang='lat' dir='ltr'>peregerunt.</span> <span class='ocrx_word' id='word_1_65' title='bbox 1943 1042 2070 1092; x_wconf 87' lang='lat' dir='ltr'><strong>Inter</strong></span> <span class='ocrx_word' id='word_1_66' title='bbox 2093 1060 2310 1109; x_wconf 87' lang='lat' dir='ltr'>proceres</span> <span class='ocrx_word' id='word_1_67' title='bbox 2340 1063 2534 1112; x_wconf 91' lang='lat' dir='ltr'>quoque</span> 
     </span>
     <span class='ocr_line' id='line_1_8' title="bbox 602 1120 2532 1190; baseline 0.001 -17"><span class='ocrx_word' id='word_1_68' title='bbox 602 1125 812 1190; x_wconf 88' lang='lat' dir='ltr'>prefatos</span> <span class='ocrx_word' id='word_1_69' title='bbox 836 1130 936 1171; x_wconf 90' lang='lat' dir='ltr'>erat</span> <span class='ocrx_word' id='word_1_70' title='bbox 969 1122 1121 1187; x_wconf 86' lang='lat' dir='ltr'>presul</span> <span class='ocrx_word' id='word_1_71' title='bbox 1149 1121 1454 1186; x_wconf 67' lang='lat' dir='ltr'>Wyrgonie;0</span> <span class='ocrx_word' id='word_1_72' title='bbox 1495 1120 1571 1168; x_wconf 85' lang='lat' dir='ltr'>hic</span> <span class='ocrx_word' id='word_1_73' title='bbox 1602 1120 1765 1184; x_wconf 89' lang='lat' dir='ltr'>postea</span> <span class='ocrx_word' id='word_1_74' title='bbox 1788 1121 1835 1168; x_wconf 94' lang='lat' dir='ltr'>in</span> <span class='ocrx_word' id='word_1_75' title='bbox 1862 1122 2052 1170; x_wconf 89' lang='lat' dir='ltr'>exilium</span> <span class='ocrx_word' id='word_1_76' title='bbox 2088 1123 2225 1172; x_wconf 68' lang='lat' dir='ltr'>actus</span> <span class='ocrx_word' id='word_1_77' title='bbox 2256 1124 2338 1180; x_wconf 91' lang='lat' dir='ltr'>est,</span> <span class='ocrx_word' id='word_1_78' title='bbox 2363 1142 2448 1190; x_wconf 92' lang='lat' dir='ltr'>pro</span> <span class='ocrx_word' id='word_1_79' title='bbox 2473 1142 2532 1174; x_wconf 91' lang='lat' dir='ltr'>eo</span> 
     </span>
     <span class='ocr_line' id='line_1_9' title="bbox 604 1199 2532 1270; baseline 0.002 -19"><span class='ocrx_word' id='word_1_80' title='bbox 604 1203 733 1270; x_wconf 92' lang='lat' dir='ltr'>quod</span> <span class='ocrx_word' id='word_1_81' title='bbox 767 1218 920 1251; x_wconf 90' lang='lat' dir='ltr'>rerum</span> <span class='ocrx_word' id='word_1_82' title='bbox 944 1200 1277 1266; x_wconf 83' lang='lat' dir='ltr'>episcopalium</span> <span class='ocrx_word' id='word_1_83' title='bbox 1306 1199 1518 1247; x_wconf 90' lang='lat' dir='ltr'>ordinem</span> <span class='ocrx_word' id='word_1_84' title='bbox 1551 1208 1835 1263; x_wconf 84' lang='lat' dir='ltr'>pervertenS,</span> <span class='ocrx_word' id='word_1_85' title='bbox 1867 1202 2097 1265; x_wconf 92' lang='lat' dir='ltr'>presulem</span> <span class='ocrx_word' id='word_1_86' title='bbox 2121 1203 2250 1251; x_wconf 83' lang='lat' dir='ltr'>exuit</span> <span class='ocrx_word' id='word_1_87' title='bbox 2284 1204 2532 1268; x_wconf 88' lang='lat' dir='ltr'>pacificum</span> 
     </span>
     <span class='ocr_line' id='line_1_10' title="bbox 605 1278 2532 1347; baseline 0.001 -16"><span class='ocrx_word' id='word_1_88' title='bbox 605 1290 652 1331; x_wconf 90' lang='lat' dir='ltr'>et</span> <span class='ocrx_word' id='word_1_89' title='bbox 675 1282 871 1332; x_wconf 87' lang='lat' dir='ltr'>militem</span> <span class='ocrx_word' id='word_1_90' title='bbox 889 1280 1039 1329; x_wconf 89' lang='lat' dir='ltr'>induit</span> <span class='ocrx_word' id='word_1_91' title='bbox 1058 1279 1351 1344; x_wconf 88' lang='lat' dir='ltr'>belligerum,</span> <span class='ocrx_word' id='word_1_92' title='bbox 1371 1278 1484 1326; x_wconf 90' lang='lat' dir='ltr'>dum</span> <span class='ocrx_word' id='word_1_93' title='bbox 1508 1278 1720 1343; x_wconf 87' lang='lat' dir='ltr'>gladium</span> <span class='ocrx_word' id='word_1_94' title='bbox 1744 1296 1827 1343; x_wconf 91' lang='lat' dir='ltr'>pro</span> <span class='ocrx_word' id='word_1_95' title='bbox 1853 1279 2023 1328; x_wconf 88' lang='lat' dir='ltr'>baculo</span> <span class='ocrx_word' id='word_1_96' title='bbox 2047 1281 2301 1345; x_wconf 90' lang='lat' dir='ltr'>pontificali</span> <span class='ocrx_word' id='word_1_97' title='bbox 2326 1282 2532 1347; x_wconf 89' lang='lat' dir='ltr'>gestaret</span> 
     </span>
     <span class='ocr_line' id='line_1_11' title="bbox 604 1357 2532 1425; baseline -0.001 -14"><span class='ocrx_word' id='word_1_98' title='bbox 604 1364 652 1411; x_wconf 93' lang='lat' dir='ltr'>in</span> <span class='ocrx_word' id='word_1_99' title='bbox 676 1363 838 1416; x_wconf 88' lang='lat' dir='ltr'>latere,</span> <span class='ocrx_word' id='word_1_100' title='bbox 865 1368 912 1408; x_wconf 91' lang='lat' dir='ltr'>et</span> <span class='ocrx_word' id='word_1_101' title='bbox 936 1359 1123 1424; x_wconf 88' lang='lat' dir='ltr'>galeam</span> <span class='ocrx_word' id='word_1_102' title='bbox 1147 1374 1231 1423; x_wconf 91' lang='lat' dir='ltr'>pro</span> <span class='ocrx_word' id='word_1_103' title='bbox 1255 1358 1391 1405; x_wconf 87' lang='lat' dir='ltr'>mitra</span> <span class='ocrx_word' id='word_1_104' title='bbox 1416 1358 1463 1404; x_wconf 91' lang='lat' dir='ltr'>in</span> <span class='ocrx_word' id='word_1_105' title='bbox 1489 1358 1658 1422; x_wconf 88' lang='lat' dir='ltr'>capite.</span> <span class='ocrx_word' id='word_1_106' title='bbox 1731 1357 1950 1407; x_wconf 91' lang='lat' dir='ltr'>Exeunte</span> <span class='ocrx_word' id='word_1_107' title='bbox 1975 1376 2088 1424; x_wconf 89' lang='lat' dir='ltr'>ergo</span> <span class='ocrx_word' id='word_1_108' title='bbox 2112 1377 2225 1425; x_wconf 91' lang='lat' dir='ltr'>rege</span> <span class='ocrx_word' id='word_1_109' title='bbox 2249 1361 2310 1408; x_wconf 89' lang='lat' dir='ltr'>ad</span> <span class='ocrx_word' id='word_1_110' title='bbox 2333 1361 2532 1425; x_wconf 92' lang='lat' dir='ltr'>prelium</span> 
     </span>
     <span class='ocr_line' id='line_1_12' title="bbox 607 1436 2532 1501; baseline -0.001 -11"><span class='ocrx_word' id='word_1_111' title='bbox 607 1449 769 1490; x_wconf 88' lang='lat' dir='ltr'>contra</span> <span class='ocrx_word' id='word_1_112' title='bbox 805 1440 1020 1493; x_wconf 87' lang='lat' dir='ltr'>barones,</span> <span class='ocrx_word' id='word_1_113' title='bbox 1056 1437 1336 1485; x_wconf 90' lang='lat' dir='ltr'>robustiores</span> <span class='ocrx_word' id='word_1_114' title='bbox 1360 1436 1441 1501; x_wconf 89' lang='lat' dir='ltr'>qui</span> <span class='ocrx_word' id='word_1_115' title='bbox 1472 1436 1519 1483; x_wconf 93' lang='lat' dir='ltr'>in</span> <span class='ocrx_word' id='word_1_116' title='bbox 1544 1436 1752 1484; x_wconf 89' lang='lat' dir='ltr'>exercitu</span> <span class='ocrx_word' id='word_1_117' title='bbox 1776 1437 1879 1500; x_wconf 86' lang='lat' dir='ltr'>ejus</span> <span class='ocrx_word' id='word_1_118' title='bbox 1903 1445 2053 1492; x_wconf 87' lang='lat' dir='ltr'>erant,</span> <span class='ocrx_word' id='word_1_119' title='bbox 2078 1438 2290 1487; x_wconf 88' lang='lat' dir='ltr'>videntes</span> <span class='ocrx_word' id='word_1_120' title='bbox 2313 1440 2532 1489; x_wconf 87' lang='lat' dir='ltr'>vexillula</span> 
     </span>
     <span class='ocr_line' id='line_1_13' title="bbox 606 1515 2533 1586; baseline -0.001 -17"><span class='ocrx_word' id='word_1_121' title='bbox 606 1538 698 1586; x_wconf 90' lang='lat' dir='ltr'>que</span> <span class='ocrx_word' id='word_1_122' title='bbox 739 1518 916 1584; x_wconf 87' lang='lat' dir='ltr'>predixi</span> <span class='ocrx_word' id='word_1_123' title='bbox 954 1516 1162 1580; x_wconf 93' lang='lat' dir='ltr'>undique</span> <span class='ocrx_word' id='word_1_124' title='bbox 1203 1516 1327 1563; x_wconf 88' lang='lat' dir='ltr'>circa</span> <span class='ocrx_word' id='word_1_125' title='bbox 1364 1531 1549 1562; x_wconf 92' lang='lat' dir='ltr'>currum</span> <span class='ocrx_word' id='word_1_126' title='bbox 1583 1515 1854 1578; x_wconf 86' lang='lat' dir='ltr'>pendentia,</span> <span class='ocrx_word' id='word_1_127' title='bbox 1890 1532 2171 1580; x_wconf 91' lang='lat' dir='ltr'>prepropere</span> <span class='ocrx_word' id='word_1_128' title='bbox 2211 1517 2432 1567; x_wconf 88' lang='lat' dir='ltr'>festinant</span> <span class='ocrx_word' id='word_1_129' title='bbox 2472 1520 2533 1568; x_wconf 88' lang='lat' dir='ltr'>ad</span> 
     </span>
     <span class='ocr_line' id='line_1_14' title="bbox 605 1593 2533 1660; baseline -0.002 -12"><span class='ocrx_word' id='word_1_130' title='bbox 605 1615 804 1649; x_wconf 88' lang='lat' dir='ltr'>currum.</span> <span class='ocrx_word' id='word_1_131' title='bbox 875 1596 903 1644; x_wconf 94' lang='lat' dir='ltr'><strong>J</strong></span> <span class='ocrx_word' id='word_1_132' title='bbox 908 1613 984 1643; x_wconf 91' lang='lat' dir='ltr'>am</span> <span class='ocrx_word' id='word_1_133' title='bbox 1009 1595 1134 1643; x_wconf 90' lang='lat' dir='ltr'>enim</span> <span class='ocrx_word' id='word_1_134' title='bbox 1158 1593 1463 1642; x_wconf 85' lang='lat' dir='ltr'>condixerant</span> <span class='ocrx_word' id='word_1_135' title='bbox 1490 1593 1845 1642; x_wconf 87' lang='lat' dir='ltr'>Londonienses</span> <span class='ocrx_word' id='word_1_136' title='bbox 1877 1595 2102 1642; x_wconf 85' lang='lat' dir='ltr'>exercitui</span> <span class='ocrx_word' id='word_1_137' title='bbox 2138 1595 2279 1660; x_wconf 87' lang='lat' dir='ltr'>regis,</span> <span class='ocrx_word' id='word_1_138' title='bbox 2305 1596 2434 1660; x_wconf 92' lang='lat' dir='ltr'>quod</span> <span class='ocrx_word' id='word_1_139' title='bbox 2463 1597 2533 1645; x_wconf 86' lang='lat' dir='ltr'>Si·-</span> 
     </span>
     <span class='ocr_line' id='line_1_15' title="bbox 601 1672 2535 1742; baseline -0.001 -16"><span class='ocrx_word' id='word_1_140' title='bbox 601 1694 713 1726; x_wconf 91' lang='lat' dir='ltr'>mon</span> <span class='ocrx_word' id='word_1_141' title='bbox 737 1693 880 1742; x_wconf 86' lang='lat' dir='ltr'>quern</span> <span class='ocrx_word' id='word_1_142' title='bbox 904 1675 1146 1740; x_wconf 86' lang='lat' dir='ltr'>elegerant</span> <span class='ocrx_word' id='word_1_143' title='bbox 1169 1673 1251 1721; x_wconf 90' lang='lat' dir='ltr'>fibi</span> <span class='ocrx_word' id='word_1_144' title='bbox 1277 1672 1446 1720; x_wconf 91' lang='lat' dir='ltr'>ducem</span> <span class='ocrx_word' id='word_1_145' title='bbox 1471 1672 1532 1720; x_wconf 90' lang='lat' dir='ltr'>ad</span> <span class='ocrx_word' id='word_1_146' title='bbox 1566 1672 1757 1728; x_wconf 93' lang='lat' dir='ltr'>bellum,</span> <span class='ocrx_word' id='word_1_147' title='bbox 1783 1680 1883 1721; x_wconf 90' lang='lat' dir='ltr'>erat</span> <span class='ocrx_word' id='word_1_148' title='bbox 1918 1673 1966 1720; x_wconf 92' lang='lat' dir='ltr'>in</span> <span class='ocrx_word' id='word_1_149' title='bbox 1995 1690 2150 1729; x_wconf 90' lang='lat' dir='ltr'>curru,</span> <span class='ocrx_word' id='word_1_150' title='bbox 2176 1683 2207 1703; x_wconf 90' lang='lat'><strong>“</strong></span> <span class='ocrx_word' id='word_1_151' title='bbox 2226 1675 2357 1739; x_wconf 90' lang='lat' dir='ltr'>qui,”</span> <span class='ocrx_word' id='word_1_152' title='bbox 2383 1675 2535 1740; x_wconf 89' lang='lat' dir='ltr'>inqui-</span> 
     </span>
     <span class='ocr_line' id='line_1_16' title="bbox 604 1751 2533 1820; baseline -0.001 -15"><span class='ocrx_word' id='word_1_153' title='bbox 604 1766 703 1812; x_wconf 89' lang='lat' dir='ltr'>unt,</span> <span class='ocrx_word' id='word_1_154' title='bbox 729 1765 759 1785; x_wconf 81' lang='lat'>‘⁶</span> <span class='ocrx_word' id='word_1_155' title='bbox 774 1755 877 1820; x_wconf 92' lang='lat' dir='ltr'>post</span> <span class='ocrx_word' id='word_1_156' title='bbox 899 1771 985 1802; x_wconf 90' lang='lat' dir='ltr'>nos</span> <span class='ocrx_word' id='word_1_157' title='bbox 1008 1752 1245 1818; x_wconf 88' lang='lat' dir='ltr'>proposuit</span> <span class='ocrx_word' id='word_1_158' title='bbox 1269 1751 1531 1800; x_wconf 81' lang='lat' dir='ltr'>remanfiffe</span> <span class='ocrx_word' id='word_1_159' title='bbox 1554 1767 1616 1799; x_wconf 94' lang='lat' dir='ltr'>ne</span> <span class='ocrx_word' id='word_1_160' title='bbox 1640 1752 1787 1800; x_wconf 89' lang='lat' dir='ltr'>exiret</span> <span class='ocrx_word' id='word_1_161' title='bbox 1811 1751 2055 1800; x_wconf 89' lang='lat' dir='ltr'>nobiscum</span> <span class='ocrx_word' id='word_1_162' title='bbox 2074 1751 2134 1800; x_wconf 89' lang='lat' dir='ltr'>ad</span> <span class='ocrx_word' id='word_1_163' title='bbox 2153 1752 2425 1803; x_wconf 90' lang='lat' dir='ltr'>bellandum</span> <span class='ocrx_word' id='word_1_164' title='bbox 2449 1771 2533 1820; x_wconf 92' lang='lat' dir='ltr'>pro</span> 
     </span>
     <span class='ocr_line' id='line_1_17' title="bbox 604 1830 2534 1898; baseline -0.001 -13"><span class='ocrx_word' id='word_1_165' title='bbox 604 1835 755 1891; x_wconf 91' lang='lat' dir='ltr'>nobis,</span> <span class='ocrx_word' id='word_1_166' title='bbox 779 1834 893 1883; x_wconf 88' lang='lat' dir='ltr'>ficut</span> <span class='ocrx_word' id='word_1_167' title='bbox 917 1833 1189 1898; x_wconf 84' lang='lat' dir='ltr'>promiserat</span> <span class='ocrx_word' id='word_1_168' title='bbox 1223 1830 1381 1886; x_wconf 86' lang='lat' dir='ltr'>nobis;</span> <span class='ocrx_word' id='word_1_169' title='bbox 1423 1847 1566 1895; x_wconf 90' lang='lat' dir='ltr'>quem</span> <span class='ocrx_word' id='word_1_170' title='bbox 1599 1847 1707 1878; x_wconf 91' lang='lat' dir='ltr'>cum</span> <span class='ocrx_word' id='word_1_171' title='bbox 1730 1830 1927 1895; x_wconf 89' lang='lat' dir='ltr'>proinde</span> <span class='ocrx_word' id='word_1_172' title='bbox 1959 1831 2141 1896; x_wconf 87' lang='lat' dir='ltr'>ingenti</span> <span class='ocrx_word' id='word_1_173' title='bbox 2164 1832 2421 1897; x_wconf 90' lang='lat' dir='ltr'>suspicione</span> <span class='ocrx_word' id='word_1_174' title='bbox 2451 1833 2534 1884; x_wconf 83' lang='lat' dir='ltr'>ha-</span> 
     </span>
     <span class='ocr_line' id='line_1_18' title="bbox 604 1909 2532 1974; baseline -0.001 -10"><span class='ocrx_word' id='word_1_175' title='bbox 604 1916 837 1969; x_wconf 90' lang='lat' dir='ltr'>beremus,</span> <span class='ocrx_word' id='word_1_176' title='bbox 873 1913 986 1961; x_wconf 92' lang='lat' dir='ltr'>dum</span> <span class='ocrx_word' id='word_1_177' title='bbox 1024 1910 1259 1959; x_wconf 86' lang='lat' dir='ltr'>fimularet</span> <span class='ocrx_word' id='word_1_178' title='bbox 1302 1911 1349 1957; x_wconf 91' lang='lat' dir='ltr'>se</span> <span class='ocrx_word' id='word_1_179' title='bbox 1389 1909 1637 1964; x_wconf 89' lang='lat' dir='ltr'>infirmum,</span> <span class='ocrx_word' id='word_1_180' title='bbox 1674 1917 1721 1957; x_wconf 90' lang='lat' dir='ltr'>et</span> <span class='ocrx_word' id='word_1_181' title='bbox 1761 1909 2053 1974; x_wconf 83' lang='lat' dir='ltr'>inpotentem</span> <span class='ocrx_word' id='word_1_182' title='bbox 2089 1911 2149 1958; x_wconf 90' lang='lat' dir='ltr'>ad</span> <span class='ocrx_word' id='word_1_183' title='bbox 2186 1911 2532 1962; x_wconf 88' lang='lat' dir='ltr'>ascendendum</span> 
     </span>
     <span class='ocr_line' id='line_1_19' title="bbox 606 1988 2534 2060; baseline -0.002 -16"><span class='ocrx_word' id='word_1_184' title='bbox 606 2010 797 2060; x_wconf 89' lang='lat' dir='ltr'>equum,</span> <span class='ocrx_word' id='word_1_185' title='bbox 829 1991 1207 2057; x_wconf 85' lang='lat' dir='ltr'>pertimescentes</span> <span class='ocrx_word' id='word_1_186' title='bbox 1237 2005 1298 2036; x_wconf 90' lang='lat' dir='ltr'>ne</span> <span class='ocrx_word' id='word_1_187' title='bbox 1334 1988 1552 2052; x_wconf 86' lang='lat' dir='ltr'>proderet</span> <span class='ocrx_word' id='word_1_188' title='bbox 1584 2005 1671 2036; x_wconf 87' lang='lat' dir='ltr'>nos</span> <span class='ocrx_word' id='word_1_189' title='bbox 1702 1989 1803 2054; x_wconf 86' lang='lat' dir='ltr'>regi</span> <span class='ocrx_word' id='word_1_190' title='bbox 1838 2005 2015 2054; x_wconf 89' lang='lat' dir='ltr'>genero</span> <span class='ocrx_word' id='word_1_191' title='bbox 2047 1990 2144 2045; x_wconf 89' lang='lat' dir='ltr'>su0,</span> <span class='ocrx_word' id='word_1_192' title='bbox 2176 1990 2368 2040; x_wconf 90' lang='lat' dir='ltr'>veniens</span> <span class='ocrx_word' id='word_1_193' title='bbox 2398 1992 2534 2058; x_wconf 89' lang='lat' dir='ltr'>super</span> 
     </span>
     <span class='ocr_line' id='line_1_20' title="bbox 605 2067 2532 2135; baseline -0.002 -13"><span class='ocrx_word' id='word_1_194' title='bbox 605 2091 691 2122; x_wconf 90' lang='lat' dir='ltr'>nos</span> <span class='ocrx_word' id='word_1_195' title='bbox 711 2089 817 2121; x_wconf 91' lang='lat' dir='ltr'>cum</span> <span class='ocrx_word' id='word_1_196' title='bbox 836 2070 1043 2120; x_wconf 90' lang='lat' dir='ltr'>exercitu</span> <span class='ocrx_word' id='word_1_197' title='bbox 1067 2069 1170 2133; x_wconf 92' lang='lat' dir='ltr'>post</span> <span class='ocrx_word' id='word_1_198' title='bbox 1187 2076 1389 2132; x_wconf 90' lang='lat' dir='ltr'>tergum,</span> <span class='ocrx_word' id='word_1_199' title='bbox 1409 2067 1534 2115; x_wconf 93' lang='lat' dir='ltr'>hunc</span> <span class='ocrx_word' id='word_1_200' title='bbox 1553 2083 1739 2115; x_wconf 89' lang='lat' dir='ltr'>currum</span> <span class='ocrx_word' id='word_1_201' title='bbox 1757 2067 2174 2133; x_wconf 86' lang='lat' dir='ltr'>inexpugnabilem</span> <span class='ocrx_word' id='word_1_202' title='bbox 2197 2069 2318 2117; x_wconf 89' lang='lat' dir='ltr'>forte</span> <span class='ocrx_word' id='word_1_203' title='bbox 2342 2078 2532 2135; x_wconf 89' lang='lat' dir='ltr'>propter</span> 
     </span>
     <span class='ocr_line' id='line_1_21' title="bbox 604 2145 2530 2214; baseline -0.002 -14"><span class='ocrx_word' id='word_1_204' title='bbox 604 2152 819 2200; x_wconf 88' lang='lat' dir='ltr'>fraudem</span> <span class='ocrx_word' id='word_1_205' title='bbox 844 2151 946 2214; x_wconf 87' lang='lat' dir='ltr'>ejus</span> <span class='ocrx_word' id='word_1_206' title='bbox 968 2148 1165 2197; x_wconf 87' lang='lat' dir='ltr'>fecimus</span> <span class='ocrx_word' id='word_1_207' title='bbox 1185 2146 1246 2194; x_wconf 89' lang='lat' dir='ltr'>ad</span> <span class='ocrx_word' id='word_1_208' title='bbox 1270 2163 1389 2211; x_wconf 88' lang='lat' dir='ltr'>opus</span> <span class='ocrx_word' id='word_1_209' title='bbox 1408 2146 1509 2210; x_wconf 92' lang='lat' dir='ltr'>ejus</span> <span class='ocrx_word' id='word_1_210' title='bbox 1533 2145 1768 2202; x_wconf 87' lang='lat' dir='ltr'>fabricari,</span> <span class='ocrx_word' id='word_1_211' title='bbox 1787 2153 1839 2194; x_wconf 93' lang='lat' dir='ltr'>ut</span> <span class='ocrx_word' id='word_1_212' title='bbox 1861 2145 1896 2194; x_wconf 89' lang='lat' dir='ltr'>fi</span> <span class='ocrx_word' id='word_1_213' title='bbox 1918 2163 2004 2195; x_wconf 91' lang='lat' dir='ltr'>nos</span> <span class='ocrx_word' id='word_1_214' title='bbox 2028 2146 2286 2196; x_wconf 90' lang='lat' dir='ltr'>debeamus</span> <span class='ocrx_word' id='word_1_215' title='bbox 2309 2148 2460 2213; x_wconf 89' lang='lat' dir='ltr'>perire</span> <span class='ocrx_word' id='word_1_216' title='bbox 2483 2150 2530 2197; x_wconf 90' lang='lat' dir='ltr'>in</span> 
     </span>
     <span class='ocr_line' id='line_1_22' title="bbox 606 2224 2529 2292; baseline -0.002 -13"><span class='ocrx_word' id='word_1_217' title='bbox 606 2231 747 2284; x_wconf 93' lang='lat' dir='ltr'>bello,</span> <span class='ocrx_word' id='word_1_218' title='bbox 771 2228 901 2277; x_wconf 89' lang='lat' dir='ltr'>fimul</span> <span class='ocrx_word' id='word_1_219' title='bbox 926 2235 974 2275; x_wconf 91' lang='lat' dir='ltr'>et</span> <span class='ocrx_word' id='word_1_220' title='bbox 996 2227 1091 2290; x_wconf 90' lang='lat' dir='ltr'>ipse</span> <span class='ocrx_word' id='word_1_221' title='bbox 1117 2225 1289 2273; x_wconf 87' lang='lat' dir='ltr'>debeat</span> <span class='ocrx_word' id='word_1_222' title='bbox 1313 2225 1462 2289; x_wconf 90' lang='lat' dir='ltr'>perire</span> <span class='ocrx_word' id='word_1_223' title='bbox 1487 2224 1751 2280; x_wconf 83' lang='lat' dir='ltr'>nobiscum3</span> <span class='ocrx_word' id='word_1_224' title='bbox 1783 2224 2016 2289; x_wconf 87' lang='lat' dir='ltr'>suppofito</span> <span class='ocrx_word' id='word_1_225' title='bbox 2048 2226 2176 2290; x_wconf 90' lang='lat' dir='ltr'>prius</span> <span class='ocrx_word' id='word_1_226' title='bbox 2206 2226 2317 2291; x_wconf 91' lang='lat' dir='ltr'>igne</span> <span class='ocrx_word' id='word_1_227' title='bbox 2341 2227 2529 2292; x_wconf 89' lang='lat' dir='ltr'>copioso</span> 
     </span>
     <span class='ocr_line' id='line_1_23' title="bbox 608 2302 2531 2372; baseline -0.001 -15"><span class='ocrx_word' id='word_1_228' title='bbox 608 2309 759 2358; x_wconf 89' lang='lat' dir='ltr'>currui</span> <span class='ocrx_word' id='word_1_229' title='bbox 784 2309 829 2355; x_wconf 89' lang='lat' dir='ltr'>in</span> <span class='ocrx_word' id='word_1_230' title='bbox 855 2323 949 2372; x_wconf 89' lang='lat' dir='ltr'>quo</span> <span class='ocrx_word' id='word_1_231' title='bbox 972 2312 1148 2359; x_wconf 90' lang='lat' dir='ltr'>manet,</span> <span class='ocrx_word' id='word_1_232' title='bbox 1172 2311 1223 2351; x_wconf 93' lang='lat' dir='ltr'>ut</span> <span class='ocrx_word' id='word_1_233' title='bbox 1247 2303 1554 2352; x_wconf 87' lang='lat' dir='ltr'>succendatur</span> <span class='ocrx_word' id='word_1_234' title='bbox 1578 2319 1635 2351; x_wconf 89' lang='lat' dir='ltr'>ex</span> <span class='ocrx_word' id='word_1_235' title='bbox 1660 2305 1767 2352; x_wconf 90' lang='lat' dir='ltr'>eo.&#39;&#39;</span> <span class='ocrx_word' id='word_1_236' title='bbox 1842 2302 2028 2360; x_wconf 86' lang='lat' dir='ltr'>Quibus</span> <span class='ocrx_word' id='word_1_237' title='bbox 2055 2303 2208 2353; x_wconf 91' lang='lat' dir='ltr'>verbis</span> <span class='ocrx_word' id='word_1_238' title='bbox 2233 2305 2531 2355; x_wconf 80' lang='lat' dir='ltr'>animosiores</span> 
     </span>
     <span class='ocr_line' id='line_1_24' title="bbox 609 2382 2531 2450; baseline -0.002 -14"><span class='ocrx_word' id='word_1_239' title='bbox 609 2388 765 2436; x_wconf 71' lang='lat' dir='ltr'>effecti</span> <span class='ocrx_word' id='word_1_240' title='bbox 789 2386 853 2434; x_wconf 93' lang='lat' dir='ltr'>hii</span> <span class='ocrx_word' id='word_1_241' title='bbox 877 2386 957 2450; x_wconf 92' lang='lat' dir='ltr'>qui</span> <span class='ocrx_word' id='word_1_242' title='bbox 983 2401 1041 2432; x_wconf 88' lang='lat' dir='ltr'>ex</span> <span class='ocrx_word' id='word_1_243' title='bbox 1064 2391 1197 2448; x_wconf 89' lang='lat' dir='ltr'>parte</span> <span class='ocrx_word' id='word_1_244' title='bbox 1222 2383 1346 2447; x_wconf 90' lang='lat' dir='ltr'>regis</span> <span class='ocrx_word' id='word_1_245' title='bbox 1370 2390 1519 2437; x_wconf 89' lang='lat' dir='ltr'>erant,</span> <span class='ocrx_word' id='word_1_246' title='bbox 1543 2398 1662 2446; x_wconf 89' lang='lat' dir='ltr'>quos</span> <span class='ocrx_word' id='word_1_247' title='bbox 1686 2383 1822 2447; x_wconf 89' lang='lat' dir='ltr'>supra</span> <span class='ocrx_word' id='word_1_248' title='bbox 1846 2382 2126 2431; x_wconf 89' lang='lat' dir='ltr'>robustiores</span> <span class='ocrx_word' id='word_1_249' title='bbox 2150 2383 2402 2440; x_wconf 88' lang='lat' dir='ltr'>nominavi,</span> <span class='ocrx_word' id='word_1_250' title='bbox 2427 2402 2531 2449; x_wconf 89' lang='lat' dir='ltr'>pro-</span> 
     </span>
     <span class='ocr_line' id='line_1_25' title="bbox 607 2461 2531 2532; baseline -0.001 -18"><span class='ocrx_word' id='word_1_251' title='bbox 607 2474 772 2532; x_wconf 88' lang='lat' dir='ltr'>perant</span> <span class='ocrx_word' id='word_1_252' title='bbox 808 2465 867 2513; x_wconf 87' lang='lat' dir='ltr'>ad</span> <span class='ocrx_word' id='word_1_253' title='bbox 902 2481 983 2512; x_wconf 87' lang='lat' dir='ltr'>vas</span> <span class='ocrx_word' id='word_1_254' title='bbox 1017 2464 1063 2511; x_wconf 94' lang='lat' dir='ltr'>in</span> <span class='ocrx_word' id='word_1_255' title='bbox 1099 2479 1193 2527; x_wconf 92' lang='lat' dir='ltr'>quo</span> <span class='ocrx_word' id='word_1_256' title='bbox 1228 2470 1396 2526; x_wconf 89' lang='lat' dir='ltr'>putant</span> <span class='ocrx_word' id='word_1_257' title='bbox 1420 2461 1522 2509; x_wconf 67' lang='lat' dir='ltr'>,effe</span> <span class='ocrx_word' id='word_1_258' title='bbox 1561 2461 1817 2509; x_wconf 88' lang='lat' dir='ltr'>Simonem.</span> <span class='ocrx_word' id='word_1_259' title='bbox 1894 2461 1976 2510; x_wconf 89' lang='lat' dir='ltr'>Set</span> <span class='ocrx_word' id='word_1_260' title='bbox 2013 2462 2124 2510; x_wconf 93' lang='lat' dir='ltr'>dum</span> <span class='ocrx_word' id='word_1_261' title='bbox 2158 2479 2240 2511; x_wconf 91' lang='lat' dir='ltr'>vas</span> <span class='ocrx_word' id='word_1_262' title='bbox 2276 2462 2531 2514; x_wconf 80' lang='lat' dir='ltr'>dolositatis</span> 
     </span>
     <span class='ocr_line' id='line_1_26' title="bbox 607 2539 2531 2610; baseline -0.001 -16"><span class='ocrx_word' id='word_1_263' title='bbox 607 2552 882 2610; x_wconf 86' lang='lat' dir='ltr'>expugnant</span> <span class='ocrx_word' id='word_1_264' title='bbox 916 2542 1167 2596; x_wconf 87' lang='lat' dir='ltr'>fortiffime,</span> <span class='ocrx_word' id='word_1_265' title='bbox 1198 2541 1312 2589; x_wconf 89' lang='lat' dir='ltr'>dum</span> <span class='ocrx_word' id='word_1_266' title='bbox 1347 2539 1489 2589; x_wconf 91' lang='lat' dir='ltr'>nichil</span> <span class='ocrx_word' id='word_1_267' title='bbox 1523 2540 1770 2605; x_wconf 90' lang='lat' dir='ltr'>proficiunt</span> <span class='ocrx_word' id='word_1_268' title='bbox 1807 2540 1853 2588; x_wconf 93' lang='lat' dir='ltr'>in</span> <span class='ocrx_word' id='word_1_269' title='bbox 1890 2541 2224 2606; x_wconf 88' lang='lat' dir='ltr'>expugnando,</span> <span class='ocrx_word' id='word_1_270' title='bbox 2259 2550 2357 2590; x_wconf 89' lang='lat' dir='ltr'>tam</span> <span class='ocrx_word' id='word_1_271' title='bbox 2393 2544 2531 2592; x_wconf 85' lang='lat' dir='ltr'>armis</span> 
     </span>
     <span class='ocr_line' id='line_1_27' title="bbox 609 2618 2531 2689; baseline -0.001 -17"><span class='ocrx_word' id='word_1_272' title='bbox 609 2641 750 2689; x_wconf 87' lang='lat' dir='ltr'>quam</span> <span class='ocrx_word' id='word_1_273' title='bbox 775 2623 941 2671; x_wconf 89' lang='lat' dir='ltr'>animis</span> <span class='ocrx_word' id='word_1_274' title='bbox 959 2621 1196 2669; x_wconf 89' lang='lat' dir='ltr'>deficiunt.</span> <span class='ocrx_word' id='word_1_275' title='bbox 1248 2619 1609 2668; x_wconf 85' lang='lat' dir='ltr'>Currus-autem</span> <span class='ocrx_word' id='word_1_276' title='bbox 1634 2618 1935 2675; x_wconf 90' lang='lat' dir='ltr'>illemultum</span> <span class='ocrx_word' id='word_1_277' title='bbox 1960 2619 2139 2685; x_wconf 90' lang='lat' dir='ltr'>adjuvit</span> <span class='ocrx_word' id='word_1_278' title='bbox 2160 2619 2531 2671; x_wconf 90' lang='lat' dir='ltr'>Londonienses.</span> 
     </span>
     <span class='ocr_line' id='line_1_28' title="bbox 612 2695 2531 2765; baseline -0.002 -14"><span class='ocrx_word' id='word_1_279' title='bbox 612 2704 740 2752; x_wconf 92' lang='lat' dir='ltr'>Nam</span> <span class='ocrx_word' id='word_1_280' title='bbox 760 2702 872 2749; x_wconf 92' lang='lat' dir='ltr'>dum</span> <span class='ocrx_word' id='word_1_281' title='bbox 896 2702 1019 2749; x_wconf 88' lang='lat' dir='ltr'>circa</span> <span class='ocrx_word' id='word_1_282' title='bbox 1044 2699 1144 2764; x_wconf 89' lang='lat' dir='ltr'>ejus</span> <span class='ocrx_word' id='word_1_283' title='bbox 1169 2698 1533 2754; x_wconf 87' lang='lat' dir='ltr'>enervationem,</span> <span class='ocrx_word' id='word_1_284' title='bbox 1553 2706 1604 2746; x_wconf 91' lang='lat' dir='ltr'>ut</span> <span class='ocrx_word' id='word_1_285' title='bbox 1627 2695 1936 2764; x_wconf 80' lang='lat' dir='ltr'>frangeretur,</span> <span class='ocrx_word' id='word_1_286' title='bbox 1951 2699 2407 2765; x_wconf 85' lang='lat' dir='ltr'>vehementifli[mi]s</span> <span class='ocrx_word' id='word_1_287' title='bbox 2430 2699 2531 2748; x_wconf 88' lang='lat' dir='ltr'>nifi-</span> 
     </span>
     <span class='ocr_line' id='line_1_29' title="bbox 609 2767 2531 2847; baseline -0.001 -17"><span class='ocrx_word' id='word_1_288' title='bbox 609 2784 696 2831; x_wconf 91' lang='lat' dir='ltr'>bus</span> <span class='ocrx_word' id='word_1_289' title='bbox 727 2782 882 2847; x_wconf 90' lang='lat' dir='ltr'>plures</span> <span class='ocrx_word' id='word_1_290' title='bbox 917 2780 975 2828; x_wconf 91' lang='lat' dir='ltr'>de</span> <span class='ocrx_word' id='word_1_291' title='bbox 1011 2778 1218 2827; x_wconf 91' lang='lat' dir='ltr'>exercitu</span> <span class='ocrx_word' id='word_1_292' title='bbox 1252 2778 1376 2843; x_wconf 86' lang='lat' dir='ltr'>regis</span> <span class='ocrx_word' id='word_1_293' title='bbox 1410 2777 1694 2835; x_wconf 90' lang='lat' dir='ltr'>laborarent,</span> <span class='ocrx_word' id='word_1_294' title='bbox 1730 2778 1826 2826; x_wconf 90' lang='lat' dir='ltr'>vita</span> <span class='ocrx_word' id='word_1_295' title='bbox 1861 2767 2249 2843; x_wconf 85' lang='lat' dir='ltr'>perplurimorum</span> <span class='ocrx_word' id='word_1_296' title='bbox 2284 2795 2403 2844; x_wconf 90' lang='lat' dir='ltr'>quos</span> <span class='ocrx_word' id='word_1_297' title='bbox 2437 2778 2531 2828; x_wconf 90' lang='lat' dir='ltr'>dix-i</span> 
     </span>
     <span class='ocr_line' id='line_1_30' title="bbox 613 2857 2532 2923; baseline -0.002 -13"><span class='ocrx_word' id='word_1_298' title='bbox 613 2860 963 2910; x_wconf 89' lang='lat' dir='ltr'>Londonienses</span> <span class='ocrx_word' id='word_1_299' title='bbox 988 2858 1067 2923; x_wconf 90' lang='lat' dir='ltr'>qui</span> <span class='ocrx_word' id='word_1_300' title='bbox 1099 2874 1244 2923; x_wconf 91' lang='lat' dir='ltr'>prope</span> <span class='ocrx_word' id='word_1_301' title='bbox 1275 2865 1323 2906; x_wconf 90' lang='lat' dir='ltr'>et</span> <span class='ocrx_word' id='word_1_302' title='bbox 1355 2857 1498 2923; x_wconf 92' lang='lat' dir='ltr'>longe</span> <span class='ocrx_word' id='word_1_303' title='bbox 1528 2857 1714 2906; x_wconf 89' lang='lat' dir='ltr'>stabant</span> <span class='ocrx_word' id='word_1_304' title='bbox 1739 2874 1767 2906; x_wconf 90' lang='lat' dir='ltr'>a</span> <span class='ocrx_word' id='word_1_305' title='bbox 1792 2874 1929 2906; x_wconf 91' lang='lat' dir='ltr'>curru</span> <span class='ocrx_word' id='word_1_306' title='bbox 1952 2857 2232 2907; x_wconf 84' lang='lat' dir='ltr'>salvabatur.</span> <span class='ocrx_word' id='word_1_307' title='bbox 2302 2857 2532 2907; x_wconf 89' lang='lat' dir='ltr'>Nondum</span> 
     </span>
     <span class='ocr_line' id='line_1_31' title="bbox 611 2936 2530 3002; baseline -0.002 -13"><span class='ocrx_word' id='word_1_308' title='bbox 611 2942 734 2989; x_wconf 89' lang='lat' dir='ltr'>enim</span> <span class='ocrx_word' id='word_1_309' title='bbox 758 2947 980 2988; x_wconf 88' lang='lat' dir='ltr'>venerant</span> <span class='ocrx_word' id='word_1_310' title='bbox 1011 2938 1210 2986; x_wconf 90' lang='lat' dir='ltr'>barones</span> <span class='ocrx_word' id='word_1_311' title='bbox 1241 2937 1301 2985; x_wconf 90' lang='lat' dir='ltr'>ad</span> <span class='ocrx_word' id='word_1_312' title='bbox 1332 2936 1451 2992; x_wconf 88' lang='lat' dir='ltr'>illos,</span> <span class='ocrx_word' id='word_1_313' title='bbox 1485 2944 1532 2985; x_wconf 87' lang='lat' dir='ltr'>et</span> <span class='ocrx_word' id='word_1_314' title='bbox 1566 2936 1674 2985; x_wconf 92' lang='lat' dir='ltr'>ideo</span> <span class='ocrx_word' id='word_1_315' title='bbox 1706 2937 1753 2985; x_wconf 93' lang='lat' dir='ltr'>in</span> <span class='ocrx_word' id='word_1_316' title='bbox 1783 2952 1918 2985; x_wconf 88' lang='lat' dir='ltr'>mora</span> <span class='ocrx_word' id='word_1_317' title='bbox 1949 2936 2294 3002; x_wconf 67' lang='lat' dir='ltr'>expectationis</span> <span class='ocrx_word' id='word_1_318' title='bbox 2330 2936 2530 2990; x_wconf 84' lang='lat' dir='ltr'>illorum,</span> 
     </span>
     <span class='ocr_line' id='line_1_32' title="bbox 613 3015 2531 3083; baseline -0.003 -16"><span class='ocrx_word' id='word_1_319' title='bbox 613 3020 722 3067; x_wconf 92' lang='lat' dir='ltr'>dum</span> <span class='ocrx_word' id='word_1_320' title='bbox 756 3036 837 3066; x_wconf 84' lang='lat' dir='ltr'>vas</span> <span class='ocrx_word' id='word_1_321' title='bbox 879 3017 1106 3083; x_wconf 90' lang='lat' dir='ltr'>perfidum</span> <span class='ocrx_word' id='word_1_322' title='bbox 1148 3024 1460 3081; x_wconf 87' lang='lat' dir='ltr'>expugnatur,</span> <span class='ocrx_word' id='word_1_323' title='bbox 1498 3016 1768 3082; x_wconf 90' lang='lat' dir='ltr'>perplurimi</span> <span class='ocrx_word' id='word_1_324' title='bbox 1806 3033 1864 3065; x_wconf 89' lang='lat' dir='ltr'>ex</span> <span class='ocrx_word' id='word_1_325' title='bbox 1901 3015 2306 3083; x_wconf 86' lang='lat' dir='ltr'>Londonienfibus</span> <span class='ocrx_word' id='word_1_326' title='bbox 2340 3015 2531 3082; x_wconf 88' lang='lat' dir='ltr'>minime</span> 
     </span>
     <span class='ocr_line' id='line_1_33' title="bbox 611 3092 2529 3162; baseline -0.002 -18"><span class='ocrx_word' id='word_1_327' title='bbox 611 3105 948 3162; x_wconf 84' lang='lat' dir='ltr'>pugnaverunt.</span> <span class='ocrx_word' id='word_1_328' title='bbox 1022 3095 1161 3145; x_wconf 89' lang='lat' dir='ltr'>Unde</span> <span class='ocrx_word' id='word_1_329' title='bbox 1185 3095 1540 3160; x_wconf 88' lang='lat' dir='ltr'>superveniente</span> <span class='ocrx_word' id='word_1_330' title='bbox 1571 3095 1780 3144; x_wconf 84' lang='lat' dir='ltr'>exercitu</span> <span class='ocrx_word' id='word_1_331' title='bbox 1813 3094 2042 3147; x_wconf 87' lang='lat' dir='ltr'>baronum</span> <span class='ocrx_word' id='word_1_332' title='bbox 2067 3095 2129 3144; x_wconf 90' lang='lat' dir='ltr'>ad</span> <span class='ocrx_word' id='word_1_333' title='bbox 2151 3095 2254 3144; x_wconf 85' lang='lat' dir='ltr'>illos</span> <span class='ocrx_word' id='word_1_334' title='bbox 2275 3092 2378 3159; x_wconf 85' lang='lat' dir='ltr'>post</span> <span class='ocrx_word' id='word_1_335' title='bbox 2401 3108 2529 3142; x_wconf 85' lang='lat' dir='ltr'>exer-</span> 
     </span>
     <span class='ocr_line' id='line_1_34' title="bbox 614 3170 2527 3241; baseline -0.002 -18"><span class='ocrx_word' id='word_1_336' title='bbox 614 3176 755 3223; x_wconf 88' lang='lat' dir='ltr'>citum</span> <span class='ocrx_word' id='word_1_337' title='bbox 773 3176 895 3239; x_wconf 87' lang='lat' dir='ltr'>regis</span> <span class='ocrx_word' id='word_1_338' title='bbox 914 3175 973 3223; x_wconf 86' lang='lat' dir='ltr'>ad</span> <span class='ocrx_word' id='word_1_339' title='bbox 992 3183 1192 3240; x_wconf 89' lang='lat' dir='ltr'>tergum,</span> <span class='ocrx_word' id='word_1_340' title='bbox 1211 3191 1387 3241; x_wconf 90' lang='lat' dir='ltr'>magna</span> <span class='ocrx_word' id='word_1_341' title='bbox 1410 3190 1518 3240; x_wconf 88' lang='lat' dir='ltr'>pars</span> <span class='ocrx_word' id='word_1_342' title='bbox 1539 3173 1936 3227; x_wconf 86' lang='lat' dir='ltr'>Londonienfium</span> <span class='ocrx_word' id='word_1_343' title='bbox 1953 3175 2034 3240; x_wconf 91' lang='lat' dir='ltr'>qui</span> <span class='ocrx_word' id='word_1_344' title='bbox 2052 3174 2152 3240; x_wconf 87' lang='lat' dir='ltr'>regi</span> <span class='ocrx_word' id='word_1_345' title='bbox 2170 3179 2302 3222; x_wconf 85' lang='lat' dir='ltr'>erant</span> <span class='ocrx_word' id='word_1_346' title='bbox 2319 3171 2366 3220; x_wconf 91' lang='lat' dir='ltr'>in</span> <span class='ocrx_word' id='word_1_347' title='bbox 2389 3170 2527 3227; x_wconf 89' lang='lat' dir='ltr'>facie,</span> 
     </span>
    </p>
   </div>
   <div class='ocr_carea' id='block_1_3' title="bbox 1363 3274 1772 3321">
    <p class='ocr_par' dir='ltr' id='par_1_3' title="bbox 1363 3274 1772 3321">
     <span class='ocr_line' id='line_1_35' title="bbox 1363 3274 1772 3321; baseline -0.002 -10"><span class='ocrx_word' id='word_1_348' title='bbox 1363 3275 1377 3291; x_wconf 85' lang='lat'><em>⁰</em></span> <span class='ocrx_word' id='word_1_349' title='bbox 1406 3274 1474 3317; x_wconf 70' lang='lat' dir='ltr'>See</span> <span class='ocrx_word' id='word_1_350' title='bbox 1493 3275 1621 3318; x_wconf 77' lang='lat' dir='ltr'>Trivet,</span> <span class='ocrx_word' id='word_1_351' title='bbox 1639 3285 1676 3321; x_wconf 88' lang='lat' dir='ltr'>p.</span> <span class='ocrx_word' id='word_1_352' title='bbox 1689 3276 1772 3311; x_wconf 81' lang='lat'>213.</span> 
     </span>
    </p>
   </div>
   <div class='ocr_carea' id='block_1_4' title="bbox 2610 1848 2749 1884">
    <p class='ocr_par' dir='ltr' id='par_1_4' title="bbox 2610 1848 2749 1884">
     <span class='ocr_line' id='line_1_36' title="bbox 2610 1848 2749 1884; baseline 0.007 -1"><span class='ocrx_word' id='word_1_353' title='bbox 2610 1848 2670 1884; x_wconf 82' lang='lat' dir='ltr'>sol.</span> <span class='ocrx_word' id='word_1_354' title='bbox 2689 1852 2749 1884; x_wconf 84' lang='lat'>64.</span> 
     </span>
    </p>
   </div>
   <div class='ocr_carea' id='block_1_5' title="bbox 2857 2499 2904 3886">
    <p class='ocr_par' dir='ltr' id='par_1_5' title="bbox 2857 2499 2904 3886">
     <span class='ocr_line' id='line_1_37' title="bbox 2857 2499 2904 3886; baseline 0 0"><span class='ocrx_word' id='word_1_355' title='bbox 2857 2499 2904 3886; x_wconf 95' lang='lat' dir='ltr'> </span> 
     </span>
    </p>
   </div>
  </div>
 </body>
</html>
