2852 3874
118 1679 177 1714 fol.
199 1681 254 1713 28.
275 1680 307 1713 b.

371 499 503 548 A.D.
535 503 675 547 1211.
838 497 1260 547 CHRONICA
1303 496 1405 546 DE
1456 496 1840 546 MAILROS.
2212 504 2297 547 111

435 640 568 690 Obiit
602 640 802 689 domnus
830 639 1054 688 Warinus
1088 638 1238 689 abbas
1263 638 1506 695 Rieuallis,
1526 639 1602 687 cui
1636 638 1842 687 succeffit
1867 638 2100 704 dompnus
2136 638 2302 688 Helias

368 720 635 768 cellerarius
659 719 870 784 ejusdem
893 719 1077 768 domus.
1627 735 1630 740 ·

434 799 554 848 Tres
579 799 792 854 abbates,
811 798 985 847 scilicet
1002 798 1063 846 de
1083 797 1329 853 Fontibus,
1354 805 1403 846 et
1421 797 1481 846 de
1501 796 1747 862 FurH[es],
1772 804 1820 845 et
1843 796 1903 845 de
1926 796 2142 853 Caldeia‚
2161 797 2303 846 bene-

368 878 483 927 dicti
513 879 618 928 sunt
649 895 678 926 a
709 877 916 943 dompno
950 877 1010 926 R.
1038 876 1250 926 Dunenfi
1277 877 1497 941 episcopo
1532 876 1659 941 apud
1685 876 1880 932 Melros,
1912 877 2010 941 ipso
2042 877 2119 925 die
2142 878 2303 926 sanGte

371 957 520 1006 Lucie
542 957 687 1022 [Dec.
713 957 813 1022 13],
829 963 878 1004 et
902 956 980 1004 alii
1003 955 1099 1004 duo
1123 955 1321 1004 abbates
1345 954 1515 1004 eodem
1539 971 1662 1002 anno
1685 954 1861 1003 ibidem
1885 954 1946 1003 ab
1970 955 2140 1004 eodem
2163 955 2304 1005 bene-

368 1036 589 1085 dictionis
611 1037 691 1084 sue
714 1051 886 1084 munus
909 1041 1208 1099 acceperunt.

436 1115 622 1163 Eodem
646 1121 806 1162 autem
830 1129 953 1161 anno
977 1112 1110 1161 facta
1134 1112 1202 1160 est
1224 1111 1542 1160 universaliter
1571 1111 1619 1159 in
1645 1111 1773 1159 omni
1805 1112 1998 1176 regione
2022 1113 2200 1178 strages
2223 1115 2304 1162 ho-

366 1194 545 1242 minum
568 1191 939 1246 innumerabilis,
955 1191 1185 1256 incipiens
1210 1189 1270 1238 ab
1295 1190 1475 1238 oriente
1498 1207 1588 1238 nec
1612 1189 1824 1238 desinens
1848 1191 1994 1255 usque
2017 1191 2064 1238 in
2090 1193 2304 1240 occiden-

366 1279 478 1320 tem.
530 1271 734 1319 Factum
757 1271 825 1318 est
848 1271 974 1319 enim
997 1269 1126 1335 quod
1150 1286 1258 1317 cum
1280 1268 1443 1324 Otho?
1465 1269 1532 1317 vir
1555 1269 1675 1317 inter
1698 1285 1861 1317 omnes
1885 1286 2055 1318 coevos
2073 1271 2178 1319 suos
2202 1289 2304 1335 pro-

365 1351 493 1416 sapia
507 1350 774 1415 praeclarus,
789 1350 837 1397 in
856 1349 983 1398 omni
1002 1349 1104 1397 acie
1119 1349 1254 1397 miles
1267 1348 1444 1397 statura
1461 1348 1857 1404 eminentiffimus,
1882 1349 1929 1396 in
1954 1349 2081 1396 omni
2097 1351 2302 1399 exercitu

366 1429 531 1478 militia
567 1436 891 1494 propugnator
927 1428 1284 1494 probatissimus,
1311 1445 1339 1476 a
1363 1428 1570 1493 dompno
1606 1444 1733 1493 papa
1767 1428 1815 1475 in
1840 1428 2169 1493 imperatorem
2201 1446 2303 1493 pro-

364 1516 537 1563 motus,
561 1508 785 1556 inunctus
808 1515 856 1555 et
880 1514 1146 1562 coronatus,
1178 1507 1446 1555 innumeras
1478 1507 1716 1555 orientalis
1750 1507 1892 1572 plage
1915 1507 1998 1555 fibi
2022 1508 2305 1573 subjugasset

365 1587 643 1652 provincias,
679 1587 796 1635 cede
831 1594 991 1635 tamen
1025 1587 1153 1650 prius
1187 1586 1234 1633 in
1259 1585 1505 1634 estimabili
1536 1586 1747 1650 peracta,
1782 1603 1872 1634 nec
1904 1587 2059 1635 adhuc
2094 1588 2300 1636 humano

366 1667 594 1732 sanguine
612 1666 828 1721 saciatus,
849 1673 1067 1713 cruentas
1084 1682 1253 1714 manus
1271 1664 1576 1713 crudeliffime
1600 1666 1647 1712 in
1665 1672 1864 1712 matrem
1883 1667 2118 1730 propriam
2143 1667 2190 1714 in
2198 1667 2302 1731 [j]i-

368 1747 510 1801 ciens,
531 1745 784 1810 apostolice
802 1744 922 1793 sedis
941 1745 1196 1810 dignitates
1216 1743 1554 1798 comminuens,
1572 1744 1783 1808 proprias
1801 1743 2096 1808 poffeffiones
2120 1745 2180 1793 ab
2206 1746 2303 1810 ipsa

367 1825 595 1873 violenter
617 1824 742 1872 nisus
767 1823 835 1872 est
859 1831 1154 1888 extorquere.
1228 1821 1273 1870 Ο
1293 1839 1437 1887 quam
1460 1821 1741 1870 insaciabilis
1766 1822 2032 1872 ambitionis
2056 1824 2302 1890 ingluvies,

367 1921 474 1968 quae
498 1910 678 1968 quanto
703 1902 886 1967 majora
910 1902 1105 1950 devorat
1127 1909 1261 1949 tanto
1284 1901 1432 1949 lacius
1463 1901 1638 1949 hiando
1670 1902 1797 1949 fame
1821 1902 2164 1968 inextinguibili
2188 1905 2303 1952 sem—

368 1999 451 2047 per
473 1998 598 2031 nova
621 1981 890 2029 devorando
923 1980 1146 2046 ejulando
1171 1980 1408 2045 deposcit!
1482 1979 1527 2027 O
1552 1996 1696 2044 quam
1728 1980 1924 2044 inproba
1947 1989 2130 2029 terrene
2155 1982 2305 2048 digni-

367 2062 476 2110 tatis
500 2060 714 2117 aviditas,
731 2077 825 2125 que
849 2061 1079 2125 nusquam
1102 2060 1291 2107 hbnoris
1314 2059 1536 2107 terminos
1555 2060 1818 2114 attendens,
1839 2061 2018 2124 semper
2044 2061 2105 2108 ad
2123 2062 2305 2110 alcioris

367 2141 666 2207 magistratus
691 2141 875 2205 apicem
909 2138 1037 2205 pofl'e
1072 2139 1386 2187 conscendere
1420 2139 1512 2187 suis
1534 2138 1797 2187 fautoribus
1828 2139 2107 2203 pollicitans,
2133 2141 2304 2205 eosque

368 2221 490 2269 infra
520 2220 729 2268 omnium
752 2220 970 2267 vitiorum
1005 2218 1255 2283 spurcicias
1278 2218 1479 2266 latenter
1512 2218 1826 2282 praecipitans,
1857 2235 2024 2267 manus
2058 2220 2303 2284 plusquam

370 2300 619 2364 sacrilegas
643 2300 691 2346 in
717 2299 878 2347 Deum
902 2298 1046 2346 etiam
1078 2298 1316 2363 porrigere
1349 2297 1616 2362 compellit!
1691 2297 1811 2346 Haec
1835 2305 1882 2345 et
1912 2297 2001 2346 hiis
2024 2298 2187 2347 fimilia
2209 2316 2303 2347 non

369 2379 517 2427 solum
546 2379 593 2426 in
620 2378 850 2442 praedicto
875 2378 956 2426 sed
980 2378 1124 2426 etiam
1156 2378 1203 2424 in
1239 2377 1366 2426 omni
1395 2377 1477 2442 qui
1514 2377 1845 2442 praesumtuose
1877 2377 1924 2425 in
1959 2378 2120 2425 sancte
2144 2379 2303 2426 matris

371 2457 565 2506 ecclesie
588 2456 884 2522 pofl'effiones
907 2474 1076 2505 manus
1108 2457 1288 2504 extollit
1318 2456 1562 2512 violentas,
1588 2456 1648 2504 de
1671 2456 1798 2504 facili
1834 2455 2018 2520 pofl'unt
2042 2457 2301 2521 comperiri.

375 2536 503 2592 Quid
526 2537 696 2602 plura?
735 2536 991 2601 apostolica
1014 2536 1062 2583 in
1087 2552 1196 2584 eum
1219 2535 1408 2600 publice
1434 2542 1481 2583 et
1505 2536 1552 2583 in
1576 2535 1825 2600 propatulo
1849 2535 1946 2583 lata
1961 2535 2028 2583 est
2051 2536 2302 2590 sentencia,

372 2631 468 2680 qua
491 2615 793 2680 promulgata
817 2632 876 2663 ex
900 2615 1092 2663 decreto
1118 2615 1309 2679 dompni
1334 2631 1457 2679 pape
1481 2628 1630 2663 novus
1654 2615 1905 2679 imperator
1928 2614 2138 2663 substitui
2163 2615 2302 2663 edici-

372 2703 460 2742 tur.
515 2693 612 2742 Sed
636 2710 730 2758 quo
754 2694 863 2748 fine,
878 2694 953 2741 vel
972 2711 1068 2758 qua
1090 2694 1216 2758 lege,
1241 2694 1343 2742 haec
1366 2694 1504 2742 nimis
1527 2693 1724 2758 inproba
1746 2694 1839 2742 litis
1863 2693 2139 2742 contestatio
2163 2695 2302 2742 fuerit

373 2774 589 2821 dirimata
612 2780 660 2821 et
685 2772 995 2820 determinata
1018 2773 1218 2836 sequens
1243 2789 1470 2820 annorum
1494 2772 1634 2821 series
1657 2773 1840 2837 planius
1865 2772 2136 2820 declarabit.

439 2852 625 2901 Eodem
649 2852 792 2900 etiam
815 2867 939 2899 anno
965 2851 1151 2906 accidit,
1176 2851 1305 2915 quod
1333 2868 1440 2899 cum
1466 2852 1567 2915 jam
1595 2868 1678 2915 per
1709 2851 2082 2915 quinquennium
2106 2852 2178 2899 vel
2204 2868 2299 2899 am-

372 2932 508 2996 plius,
536 2930 849 2996 Albigenses,t
872 2947 991 2995 gens
1014 2930 1189 2978 scilicet
1213 2931 1377 2994 aspera
1402 2937 1449 2977 et
1474 2947 1503 2976 a
1529 2930 1637 2978 Deo
1662 2929 1926 2994 reprobata,
1953 2929 2181 2994 justitiam
2208 2931 2301 2978 Dei

434 3046 445 3062 ⁸
474 3047 541 3081 See
558 3046 617 3080 M.
639 3047 750 3086 Paris,
769 3057 805 3091 p.
821 3047 906 3085 1383
927 3044 1089 3085 HenauH,
1108 3056 1144 3090 p.
1160 3046 1238 3078 144.
1360 3044 1372 3064 ‘
1390 3043 1608 3089 Concerning
1623 3043 1685 3078 the
1699 3043 1843 3078 crusade
1859 3044 1992 3089 against
2007 3043 2070 3079 the
2083 3044 2299 3090 Alffigenses,

371 3102 445 3138 first
460 3103 575 3148 begun
591 3102 627 3136 in
647 3104 748 3142 1206,
767 3100 874 3136 much
890 3100 1111 3135 information
1128 3111 1208 3146 may
1223 3100 1267 3134 be
1285 3099 1426 3134 derived
1441 3099 1529 3134 from
1550 3100 1651 3146 Velly,
1666 3099 1713 3134 iii.
1728 3102 1809 3140 433,
1829 3099 1899 3134 and
1914 3099 1976 3134 the
1992 3099 2168 3145 following
2184 3111 2298 3145 pages,

371 3157 441 3193 and
464 3157 554 3192 from
581 3157 750 3203 Anquetil,
776 3156 812 3191 ii.
835 3158 913 3191 164.
966 3156 1033 3191 See
1057 3155 1132 3190 also
1157 3156 1308 3195 Fomlun,
1327 3154 1362 3189 ii.
1383 3157 1446 3194 313
1475 3155 1533 3189 M.
1554 3156 1665 3194 Paris,
1686 3166 1721 3200 p.
1744 3155 1828 3194 167;
1864 3155 2008 3189 Venemoe
2026 3155 2118 3189 Hist.
2138 3155 2235 3190 Eccl.
2254 3156 2299 3189 vi.

372 3224 403 3247 c.
425 3215 604 3253 115-126;
631 3214 781 3253 Reiniem
799 3224 858 3258 ap.
877 3212 968 3246 Bibe.
986 3212 1137 3251 Patr-um,
1157 3210 1240 3245 edit.
1262 3210 1373 3256 Lugd.
1392 3210 1462 3245 vol.
1481 3221 1561 3244 xxv.
1615 3209 1695 3245 The
1720 3216 1840 3245 recent
1868 3209 2008 3244 volume
2032 3209 2075 3245 of
2097 3210 2250 3256 Bouquet
2276 3211 2304 3244 is

371 3268 541 3314 occupied
555 3269 602 3315 by
618 3280 640 3304 a
655 3268 829 3314 complete
846 3266 1030 3302 collection
1048 3266 1090 3301 of
1100 3266 1204 3302 those
1221 3265 1363 3311 original
1380 3266 1511 3300 writers
1529 3265 1611 3300 who
1623 3265 1792 3301 illustrate
1808 3265 1879 3300 this
1896 3266 2042 3311 subject.
