2852 3874
550 495 614 545 26
1013 491 1435 543 CHRONICA
1478 490 1580 540 DE
1630 489 2011 541 MAILROS.
2204 494 2338 544 A.D.
2363 500 2476 550 905.

625 630 793 680 Christi
818 629 994 678 famula
1019 628 1241 677 Elswitha
1264 628 1429 694 regina
1452 625 1656 683 deceffit,
1692 642 1800 691 quae
1827 627 2159 677 monasterium
2183 629 2481 680 sanetimoni-

554 711 697 759 alium
721 708 971 757 construxit
999 707 1272 755 Wintoniae.

621 790 762 837 Anno
788 786 1012 851 occec.vj.
1039 802 1334 852 paganorum
1358 785 1590 834 exercitus
1613 800 1783 851 pacem
1805 785 1920 835 fecit
1944 801 2053 834 cum
2076 802 2191 853 rege
2216 786 2467 837 Edwardo.

621 866 757 915 Rollo
782 866 862 931 qui
897 872 945 913 et
982 864 1250 913 Rodbertus
1284 865 1461 930 primus
1491 864 1587 913 dux
1622 864 1975 914 Normanorum
2009 865 2213 922 deceffit,
2252 867 2328 915 cui
2361 867 2483 917 filius

552 948 657 995 suus
685 944 952 993 Willelmus
979 943 1152 1011 Longa
1174 945 1308 1010 spata
1331 943 1555 993 succeffit.

620 1023 832 1073 Cometis
855 1024 951 1072 visa
974 1024 1056 1073 est.

619 1104 761 1152 Anno
786 1105 1030 1169 Dcccc.vij.

618 1184 760 1232 Anno
786 1184 1046 1249 Dcccc.viij.
1068 1183 1194 1231 Kaer
1217 1184 1393 1249 legion,
1418 1200 1511 1248 que
1535 1199 1661 1231 nunc
1689 1182 2034 1248 Legacestriam
2057 1184 2243 1240 dicitur,
2263 1184 2386 1250 juffu
2411 1201 2479 1233 re-

551 1264 623 1327 gis
648 1262 866 1311 Edwardi
891 1263 1148 1311 restaurata
1172 1263 1254 1311 est.

621 1342 830 1407 [Eodem
856 1359 995 1398 anno,
1021 1343 1157 1408 periit
1183 1342 1454 1391 Dofnaldus
1478 1359 1558 1390 rex
1588 1342 1898 1407 Scottorum]

619 1423 761 1471 Anno
787 1423 1014 1471 nccccjx.

618 1502 760 1550 Anno
787 1519 996 1551 Deceax.
1023 1502 1119 1550 offa
1153 1502 1301 1550 san6fi
1331 1501 1532 1549 Oswaldi
1557 1502 1683 1567 regis
1718 1510 1765 1549 et
1798 1502 2014 1567 martyris
2038 1502 2097 1550 de
2136 1500 2410 1550 Baffieneia
2434 1503 2480 1549 in

542 1581 782 1629 -Merciam
807 1581 1029 1630 transsata
1052 1581 1171 1629 sunt.

614 1660 755 1708 Anno
776 1661 1003 1725 neccc.xj.
1021 1661 1068 1708 in
1086 1660 1326 1724 provincia
1340 1658 1709 1715 Stanfordenfin,
1726 1659 1774 1706 in
1791 1659 1897 1707 loco
1916 1660 1997 1724 qui
2016 1659 2184 1707 dicitur
2196 1659 2479 1715 Totenhale,

547 1740 664 1787 inter
691 1739 876 1804 Anglos
900 1747 948 1787 et
974 1739 1141 1788 Danos
1165 1738 1343 1804 infigne
1367 1738 1584 1803 proelium
1608 1737 1827 1794 habetur,
1863 1746 1911 1787 et
1935 1739 2129 1788 tandem
2157 1738 2303 1804 Angli
2332 1739 2479 1787 vieto-

547 1819 613 1866 ria
637 1819 893 1884 potiuntur.

613 1898 754 1946 Anno
780 1898 1024 1962 neccexij.
1053 1897 1323 1946 Esselredus
1347 1898 1442 1945 dux
1468 1896 1757 1946 Merciorum
1783 1897 1916 1954 obiit,
1940 1897 2045 1963 post
2069 1914 2211 1962 quem
2236 1914 2352 1945 uxor
2377 1899 2478 1962 ejus

545 1976 752 2024 AElfleda
774 1977 868 2023 filia
893 1977 1017 2041 regis
1045 1976 1270 2025 Alueredi
1296 1993 1494 2041 regnum
1519 1977 1637 2024 rexit
1664 1976 1968 2025 Merciorum.

615 2056 755 2103 Anno
781 2055 1041 2119 Dcccc.xiij.
1078 2055 1286 2103 AElfleda
1324 2055 1613 2103 Merciorum
1651 2055 1843 2103 domina
1881 2056 2134 2105 construxit
2172 2056 2374 2121 burgum
2416 2058 2475 2104 ad

553 2135 806 2182 Scoriate.¹¹

614 2213 755 2261 Anno
782 2214 1060 2279 Dcccc.xiiij.
1086 2212 1294 2262 AElfleda
1318 2213 1572 2261 construxit
1607 2213 1944 2263 Tamewrthe.0

616 2293 842 2341 Sihtricus
867 2293 1038 2341 occidit
1061 2309 1223 2358 regem
1249 2293 1465 2341 Mellum.

612 2372 752 2420 Anno
801 2389 1039 2420 neccoxv.
1104 2372 1398 2421 Werefridus
1444 2372 1634 2422 sanetus
1674 2373 1918 2438 episcopus
1963 2373 2263 2428 Wifflorum,
2320 2374 2366 2422 id
2407 2375 2473 2422 est

549 2450 810 2516 Wigornie,
836 2451 967 2507 obiit,
992 2452 1067 2500 cui
1091 2451 1298 2501 succeffit
1325 2451 1620 2501 Adelhunus.

610 2530 794 2578 Elfleda
818 2531 1069 2580 construxit
1094 2531 1336 2580 Edesbirip
1360 2539 1407 2580 et
1435 2531 1683 2580 Warewic.

613 2609 754 2657 Anno
775 2611 1033 2676 neceexvj.
1059 2628 1139 2659 rex
1163 2611 1481 2660 invifikiffimus
1501 2611 1761 2660 Edwardus
1783 2611 2118 2667 Bedefordam,
2144 2613 2220 2659 inq
2244 2614 2373 2660 suam
2399 2630 2473 2661 ac-

543 2689 667 2753 cepit
691 2689 736 2736 in
757 2689 997 2745 ditionem,
1017 2690 1275 2755 urbemque
1300 2691 1346 2738 in
1373 2690 1560 2738 australi
1575 2699 1708 2756 parte
1727 2691 1929 2739 fluminis
1953 2690 2060 2739 Usae
2080 2691 2218 2740 condi
2234 2693 2471 2757 praecepit.

609 2767 793 2815 Elfleda
818 2769 1069 2817 construxit
1098 2770 1353 2818 Chirebirir
1376 2777 1423 2818 et
1451 2770 1687 2818 Warebiri
1712 2778 1759 2818 et
1786 2770 2064 2819 Runcouen.

610 2847 751 2895 Anno
777 2849 1051 2913 neccexvij.
1088 2847 1274 2898 Elfleda
1301 2849 1421 2897 mifit
1445 2850 1701 2898 exercitum
1734 2851 1781 2897 in
1810 2849 2018 2898 VValiam
2044 2858 2090 2898 et
2115 2850 2252 2898 vistis
2281 2850 2473 2898 VValen-

590 2990 615 3004 ¹¹¹
637 2991 727 3026 Now
757 2993 945 3028 Leicester.
1091 2993 1107 3009 ¹¹
1130 2995 1304 3040 Scergate,
1335 2996 1416 3029 δατ.
1439 2996 1558 3030 Chron.
1572 3010 1584 3034 ;
1614 2995 1810 3041 Sceargete,
1831 2997 1867 3030 S.
1886 2996 2048 3030 Dunelm.
2080 2995 2146 3030 col.
2182 2997 2272 3033 153;
2301 2995 2471 3034 Ilm-eden,

547 3046 710 3086 Sem-iate,
748 3048 795 3082 H.
830 3049 936 3083 Hnnt.
953 3064 965 3087 ,·
991 3049 1053 3083 the
1085 3050 1227 3096 locality
1259 3051 1287 3085 is
1321 3051 1512 3086 uncertain.
1723 3051 1738 3065 ⁰
1761 3051 1854 3086 Now
1889 3050 2106 3090 Tamworth,
2142 3049 2178 3083 in
2215 3049 2471 3084 Staffordshire.

544 3099 559 3118 Ρ
582 3100 670 3134 Now
689 3101 902 3148 Eddesbury‚
922 3104 957 3138 in
978 3104 1158 3140 Cheshire.
1213 3105 1291 3140 The
1310 3107 1390 3140 Sat.
1418 3106 1537 3140 Chr-on.
1567 3106 1636 3141 and
1655 3108 1690 3141 S.
1710 3107 1872 3141 Dunelm.
1887 3105 1971 3141 read
1989 3105 2200 3149 Eadesbirig.
2347 3104 2361 3124 ‘¹
2385 3105 2472 3139 This

542 3156 639 3190 word
666 3156 693 3190 is
722 3157 925 3192 redundant.
1102 3160 1114 3175 ¹
1136 3161 1227 3195 Now
1249 3161 1442 3206 Cherbury,
1461 3162 1497 3195 in
1530 3161 1763 3208 Shropshire3
1795 3161 2037 3200 VVardborow,
2069 3160 2104 3194 in
2126 3158 2375 3199 Oxfordshire3
2403 3160 2472 3194 and

545 3210 782 3252 Runikhorne,
802 3212 836 3246 in
857 3212 1034 3248 Cheshire.

2550 2390 2607 2424 fol.
2630 2395 2661 2426 6.
2682 2392 2714 2425 b.
