2852 3874
569 523 631 571 94
1033 512 1455 565 CHRONICA
1500 512 1601 561 DE
1645 511 2036 564 MAILROS,
2172 515 2305 565 ΑΒ.
2346 518 2488 566 1185.

638 654 871 704 Heni-icus
907 668 988 702 rex
1020 652 1196 718 A'nglie
1227 652 1503 700 comitatum
1539 649 1848 701 Huntedonie
1882 650 2086 701 reddidit
2112 651 2355 703 willelm&
2390 656 2492 721 §egi

576 735 842 783 Scottorum
876 730 1130 779 honorifice
1161 738 1208 779 et
1238 729 1447 795 plenarie
1477 728 1593 778 ficut
1626 729 1724 794 ipse
1757 729 1924 779 habuit
1958 735 2069 780 ante
2099 733 2335 797 guerram,
2366 732 2494 798 apud

575 810 944 859 Windelesofre.t

637 889 941 936 Terremotus
963 887 1121 935 fafitus
1145 886 1212 935 est
1234 902 1437 952 magnus
1459 886 1617 935 mense
1643 885 1796 952 Aprili
1819 903 1902 953 per
1928 887 2172 954 Angliam.

637 966 832 1031 Eclipfis
854 966 961 1015 solis
983 966 1116 1014 facia
1139 965 1207 1014 est
1228 965 1457 1015 kalendas
1482 965 1601 1031 Maij
1632 965 1773 1032 [Maij
1799 966 1847 1032 l]
1874 967 1993 1016 feria
2016 967 2099 1032 iiij.
2123 966 2227 1032 post
2248 983 2425 1016 nonam
2447 976 2496 1017 et

570 1046 697 1094 stelle
722 1052 1078 1110 apparuerunt.¹¹
2365 1092 2371 1099 ,

638 1125 824 1173 Bellum
860 1125 950 1173 fuit
986 1124 1033 1173 in
1068 1123 1280 1173 Galwela
1307 1124 1427 1172 inter
1460 1123 1729 1172 Rolandum
1759 1132 1808 1174 et
1833 1124 2212 1190 Gillepatricium
2243 1125 2348 1191 iiij0.
2383 1142 2494 1174 non.

571 1204 682 1252 Julii
711 1204 827 1268 [Jul.
853 1203 906 1268 4]
937 1204 1055 1252 feria
1078 1212 1139 1251 νδ.
1173 1203 1220 1250 in
1251 1220 1347 1267 quo
1379 1203 1534 1268 plures
1565 1203 1889 1252 occubuerunt
1919 1221 1978 1253 ex
2007 1211 2141 1270 parte
2168 1204 2495 1270 Gillepatricii,

573 1283 666 1347 ipse
690 1299 799 1331 vero
823 1283 996 1330 interiit
1020 1298 1127 1330 cum
1149 1282 1307 1330 multis
1331 1282 1449 1330 aliis.

642 1361 816 1410 Iterum
854 1361 1097 1409 Rolandus
1133 1360 1308 1408 bellum
1344 1360 1511 1408 habuit
1548 1368 1711 1409 contra
1751 1361 2101 1417 Gillecolmum,
2138 1362 2187 1410 in
2223 1378 2318 1428 quo
2354 1363 2498 1410 frater

576 1440 776 1488 Rolandi
802 1440 1022 1489 occubuit
1046 1447 1093 1488 et
1121 1439 1430 1487 Gillecolmus
1452 1439 1636 1503 periit.w

641 1519 771 1567 Obiit
799 1519 974 1567 Lucius
998 1535 1122 1583 papa
1146 1518 1210 1582 iij.
1238 1518 1312 1565 cui
1337 1517 1544 1565 succeffit
1571 1517 1792 1567 Urbanus
1815 1520 2027 1568 tercius.¹²

641 1598 782 1646 Anno
814 1597 1086 1661 M.c.lxxxvj.
1120 1598 1167 1644 in
1202 1595 1447 1659 Hybernia
1479 1596 1606 1660 apud
1637 1596 1874 1644 civitatem
1906 1614 1999 1662 que
2030 1606 2224 1646 vocatur
2257 1597 2400 1646 Dune
2431 1597 2498 1644 in-

574 1677 728 1724 ventio
763 1676 1030 1723 sauciorum
1071 1690 1333 1739 corporum,
1372 1674 1545 1722 scilicet
1586 1675 1735 1722 sane'ci
1778 1675 1969 1724 Patricii
2010 1677 2231 1742 episcopi,
2264 1684 2311 1724 et
2350 1676 2500 1724 san&i

577 1754 859 1802 Columbani
885 1754 1085 1809 abbatis,
1110 1761 1157 1801 et
1180 1753 1341 1801 sancte
1368 1753 1561 1818 Brigide
1585 1754 1792 1818 virginis.

641 1833 785 1898 Apud
819 1832 1042 1881 Parifium
1077 1832 1192 1880 obiit
1221 1832 1481 1880 Gaufridus
1514 1849 1672 1881 comes
1706 1832 1966 1889 Britannie,
1997 1834 2118 1883 filius
2151 1832 2346 1882 Henrici
2377 1835 2501 1899 regis

578 1913 789 1977 Anglie.y

642 1991 775 2039 Obiit
813 2028 999 2040 .........
1005 1999 1021 2018 ²
1057 1989 1204 2037 abbas
1239 1988 1563 2044 Cistertienfis,
1605 1990 1679 2037 cui
1715 1990 1922 2038 succeffit
1958 1991 2223 2040 Willelmus
2259 1991 2407 2039 abbas
2442 1991 2500 2038 de

578 2071 762 2118 Pratea.

643 2148 875 2195 Henricus
899 2163 979 2195 rex
1006 2146 1180 2211 Anglie
1212 2163 1320 2194 cum
1351 2146 1559 2194 exercitu
1589 2163 1764 2211 magno
1788 2148 1914 2196 venit
1946 2149 2006 2196 ad
2035 2148 2307 2197 Carleolum
2339 2156 2501 2196 contra

579 2227 845 2274 Rolandum
862 2226 1018 2273 mense
1041 2225 1285 2289 August03
1320 2224 1563 2273 Rolandus
1583 2233 1741 2273 autem
1759 2226 1843 2274 sub
1863 2226 2102 2276 conduGtu
2125 2227 2352 2276 Willelmi
2376 2229 2500 2292 regis

582 2306 864 2359 Scottorum,
888 2304 1014 2351 venit
1039 2304 1099 2351 ad
1123 2320 1231 2351 eum
1256 2311 1302 2351 et
1325 2304 1438 2351 fecit
1462 2303 1505 2351 ei
1529 2303 1857 2369 humagium.¹²

646 2383 747 2431 Rex
771 2384 1039 2431 Scottorum
1062 2382 1328 2430 Willelmus
1353 2382 1645 2447 desponsavit
1669 2391 1922 2448 cognatam
1946 2384 2071 2449 regis
2092 2383 2286 2433 Henrici
2309 2384 2500 2449 Anglie,

579 2462 1005 2510 ERMENGARDAM⁸
1026 2462 1231 2517 nomine,
1256 2461 1399 2508 filiam
1422 2461 1639 2509 videlicet
1662 2461 1950 2510 vicecomitis
1974 2463 2033 2511 de
2054 2462 2189 2511 Bello
2211 2463 2395 2518 Monte,
2420 2464 2501 2527 qui

577 2549 676 2589 erat
711 2542 831 2589 filius
862 2541 954 2588 filie
992 2541 1131 2605 priori
1168 2540 1248 2587 filii
1286 2540 1511 2587 Willelmi
1551 2539 1764 2595 Bastard,
1805 2541 1851 2588 in
1890 2542 2074 2606 capella
2110 2542 2235 2607 regis
2267 2542 2326 2589 de
2357 2558 2502 2606 parco

578 2621 701 2685 apud
738 2619 1011 2674 Wudestoc,
1050 2620 1263 2684 presente
1300 2635 1413 2684 rege
1454 2635 1562 2667 cum
1598 2635 1774 2684 magna
1814 2619 1981 2684 gloria,
2021 2636 2172 2669 nonas
2212 2620 2502 2685 Septembris

581 2699 717 2763 [Sep.
744 2698 795 2763 5]
823 2699 940 2747 feria
964 2698 1024 2762 vj,
1048 2698 1160 2746 luna
1183 2698 1309 2763 xviij.

637 2833 647 2851 ²
678 2832 799 2878 Henry
815 2831 885 2867 had
900 2832 1005 2866 taken
1023 2831 1221 2877 possession
1239 2831 1281 2866 of
1291 2831 1352 2866 the
1363 2830 1516 2866 easldom
1528 2830 1570 2866 of
1579 2831 1821 2878 Huntingdon‚
1837 2832 1873 2866 in
1891 2844 2138 2879 consequence
2155 2832 2197 2868 os
2208 2833 2388 2868 William's
2405 2834 2502 2869 inva-

574 2888 649 2921 sion
666 2887 707 2921 of
721 2887 1048 2927 Northumberland,
1068 2887 1103 2921 in
1123 2888 1224 2927 1174,
1244 2886 1314 2921 and
1331 2886 1400 2921 had
1415 2885 1596 2921 bestowed
1611 2886 1638 2921 it
1654 2897 1751 2932 upon
1772 2887 1890 2922 Simon
1908 2887 1951 2922 de
1972 2888 2102 2928 Senlis;
2133 2899 2229 2934 upon
2245 2887 2366 2923 whose
2383 2888 2501 2929 death,

577 2942 722 2976 without
739 2943 841 2983 issue,
861 2942 922 2976 the
936 2941 1089 2976 earldom
1105 2942 1265 2976 reverted
1280 2948 1318 2976 to
1338 2941 1471 2987 Henry.
1505 2943 1623 2987 Dugd.
1643 2942 1834 2988 Baronage,
1854 2942 1876 2977 i.
1890 2945 1949 2978 59.
2107 2942 2125 2957 ¹²
2145 2943 2266 2984 L’Art,
2284 2943 2308 2978 i.
2324 2945 2404 2984 345,
2418 2946 2501 2978 8vo.

578 2996 598 3009 '¹'
628 2997 693 3032 See
706 2998 854 3037 Fordun,
870 2997 892 3031 i.
911 2999 993 3037 490,
1009 2997 1090 3031 who
1107 2996 1192 3031 adds
1206 3007 1302 3031 some
1315 2995 1402 3031 facts
1419 3002 1458 3030 to
1468 2996 1530 3031 the
1542 2996 1764 3032 information
1778 2997 1861 3032 here
1878 2998 2178 3039 communicated;
2194 2998 2323 3032 Hoved.
2341 2997 2402 3032 fol.
2417 3000 2499 3033 358.

579 3051 591 3065 ¹
622 3052 750 3086 Lucius
770 3052 837 3086 III.
864 3052 943 3087 died
959 3063 1006 3087 on
1022 3051 1084 3087 the
1108 3051 1195 3086 24th
1215 3052 1415 3086 November
1434 3054 1536 3093 1185,
1563 3052 1634 3087 and
1652 3064 1724 3087 was
1748 3053 1944 3088 succeeded
1967 3064 2014 3088 on
2038 3052 2101 3088 the
2125 3052 2212 3087 25th
2227 3052 2275 3098 by
2292 3052 2412 3087 Urban
2431 3052 2500 3087 111.

578 3106 592 3124 ’
622 3106 677 3140 He
694 3106 772 3140 died
788 3113 824 3141 at
842 3107 948 3148 Paris,
968 3117 1064 3153 upon
1079 3106 1141 3142 the
1161 3107 1246 3142 19th
1262 3107 1304 3142 os
1317 3107 1465 3152 August.
1515 3108 1651 3148 Diaeta,
1678 3107 1746 3143 col.
1764 3110 1847 3143 630.
2038 3106 2052 3122 ⁸
2083 3106 2171 3142 This
2187 3106 2293 3143 blank
2316 3105 2380 3142 has
2396 3117 2504 3142 never

578 3161 666 3194 been
683 3160 841 3205 supplied
856 3161 891 3195 in
908 3162 969 3197 the
986 3162 1210 3208 manuscript.
1355 3161 1387 3176 ⁸¹
1419 3162 1486 3197 See
1504 3163 1634 3198 Hoved.
1651 3162 1712 3198 fol.
1732 3166 1814 3198 360.
1912 3200 1914 3202 ,
1958 3163 2040 3208 (80)
2064 3161 2081 3176 “
2109 3161 2190 3212 Tine
2204 3160 2451 3207 grandmother
2467 3162 2511 3197 of

582 3214 790 3303 {megigiarld
805 3227 877 3304 ζέε
900 3227 922 3251 a
944 3217 1080 3252 natural
1103 3216 1272 3263 daughter
1296 3216 1338 3252 os
1358 3217 1481 3263 Henry
1500 3217 1528 3253 Ι.
1555 3217 1649 3263 King
1664 3217 1707 3253 os
1718 3217 1899 3264 Englnndss
1924 3216 2133 3262 concerning
2154 3215 2218 3252 the
2240 3215 2416 3262 marriage,
2442 3227 2503 3252 see

619 3281 676 3303 ove
701 3294 709 3303 .
741 3280 762 3303 o
778 3295 786 3303 .
877 3295 886 3304 .
