2904 3886
589 475 679 527 198
1050 469 1470 520 CHRONICA
1512 469 1613 520 DE
1644 469 2042 521 ‚MAILRos
2200 473 2333 525 ΑΒ.
2365 473 2508 529 1267.

587 622 804 679 expertus
838 615 1006 667 fuerat,
1041 627 1185 676 quam
1216 610 1392 676 preefl'e
1422 611 1635 676 tugurrio
1664 611 2005 661 monachorum
2037 611 2098 661 de
2120 611 2283 669 ‘Dei-e,
2313 631 2513 680 quorum

585 693 813 741 fervidam
836 690 1110 756 religionem
1140 706 1383 755 nunquam
1406 706 1491 755 per
1512 705 1672 739 veram
1695 690 2035 755 experientiam
2057 691 2172 740 scire
2194 699 2403 757 poterat3
2438 695 2515 743 eiii

586 771 791 820 succeffit
814 771 1046 834 dompnus
1073 767 1238 834 Hugo,
1263 768 1531 818 cellerarius
1555 768 1766 833 ejusdem
1788 769 1972 820 domus.

653 850 795 898 Anno
822 848 1015 897 Domini
1038 847 1314 913 m.cc.lxviij.
1347 848 1688 913 primogenitus
1710 848 1833 898 filius
1859 849 1986 915 regis
2012 849 2187 915 Anglie
2213 840 2515 907 Eduuardus,

586 929 790 977 evadens
813 928 873 977 de
897 927 1106 976 custodia
1135 927 1355 982 Simonis,
1387 928 1436 976 in
1464 927 1671 992 quadam
1694 928 1887 993 vespera
1918 944 2026 978 cum
2058 928 2120 976 ad
2151 945 2292 994 agros
2322 928 2423 978 iffet
2453 929 2516 978 ad

585 1008 879 1072 spatiandum
912 1006 995 1056 fibi
1033 1023 1141 1055 cum
1180 1007 1428 1072 perpaucis
1461 1006 1522 1055 de
1558 1007 1738 1056 familia
1777 1007 1998 1064 Simonis,
2034 1007 2206 1057 obvios.
2231 1008 2315 1057 fibi
2349 1008 2515 1058 habuit

585 1088 739 1150 plures
758 1104 815 1135 ex
839 1087 1072 1141 marchiis,
1097 1086 1177 1151 qui
1196 1086 1298 1150 jam
1322 1085 1503 1150 pridem
1527 1094 1660 1135 erant
1683 1093 1900 1136 tenentes
1924 1087 2026 1152 ejus
2050 1087 2097 1137 in
2121 1087 2345 1151 marchia,
2369 1087 2515 1137 filicet

584 1167 632 1214 in
656 1166 882 1217 comitatu
904 1165 1100 1219 Cestrie,
1126 1182 1154 1213 a
1177 1164 1348 1229 quibus
1371 1165 1657 1230 interceptus
1681 1165 1748 1214 est
1766 1182 1874 1215 cum
1897 1166 2122 1216 immenso
2140 1167 2332 1231 gaudio.
2391 1167 2516 1217 Cum

585 1244 756 1309 quibus
774 1244 958 1292 duobus
977 1243 1142 1291 diebus
1165 1260 1376 1298 manens,
1396 1251 1698 1308 preproperat
1723 1244 1784 1291 ad
1807 1245 2027 1293 comitem
2049 1244 2307 1294 Glouernie
2326 1254 2516 1312 propter

584 1324 910 1374 liberationem
941 1323 1085 1387 patris
1108 1323 1197 1377 sui3
1235 1322 1296 1369 ad
1320 1339 1462 1386 quem
1486 1338 1594 1371 cum
1619 1322 1825 1378 venifl'et,
1850 1330 2076 1387 exceptus
2107 1323 2175 1372 est
2206 1324 2267 1372 ab
2298 1325 2378 1374 illo
2407 1342 2515 1375 cum

585 1403 771 1452 decenti
805 1402 998 1450 honore.
1071 1402 1205 1449 Dum
1240 1418 1355 1466 ergo
1391 1401 1638 1448 conferunt
1679 1400 1941 1450 adinvicem
1982 1401 2041 1449 de
2078 1402 2350 1452 detentione
2391 1405 2516 1470 regis

586 1482 711 1546 apud
735 1482 991 1535 Simonem,
1011 1488 1058 1527 et
1082 1486 1318 1543 peteretur
1343 1479 1571 1527 auxilium
1596 1479 1779 1528 comitis
1803 1479 1865 1527 ad
1887 1479 2224 1529 liberacionem
2247 1482 2387 1546 regis,
2407 1499 2517 1533 mox

584 1560 830 1624 spopondit
855 1575 1012 1607 comes
1036 1558 1082 1606 se
1106 1557 1416 1622 prestaturum
1448 1557 1549 1622 regi
1572 1564 1724 1604 totum
1756 1558 1890 1605 suum
1918 1558 2198 1614 exercitum;
2234 1576 2378 1623 quem
2408 1577 2518 1611 cum

585 1641 763 1689 summa
787 1637 1083 1686 festinatione
1102 1635 1373 1701 collegisset,
1392 1642 1612 1700 properat
1637 1652 1744 1683 cum
1765 1635 1998 1687 Edwardo
2023 1644 2070 1685 et
2093 1638 2311 1687 marchiis
2329 1639 2431 1703 ejus
2455 1639 2517 1688 ad

585 1717 909 1766 liberationem
940 1716 1064 1781 regis
1098 1724 1259 1764 contra
1289 1715 1545 1763 Simonem.
1618 1714 1735 1764 Erat
1766 1723 1926 1764 autem
1956 1723 2069 1764 tunc
2100 1717 2324 1781 temporis
2352 1718 2515 1769 Simon

585 1796 710 1861 apud
736 1795 1075 1850 Herforthiam‚
1101 1802 1147 1843 et
1171 1811 1252 1842 rex
1275 1794 1322 1842 in
1347 1793 1618 1842 detentione
1642 1794 1745 1858 ejus
1769 1811 1877 1842 cum
1900 1795 2014 1859 ipso·

653 1876 777 1924 Cum
810 1892 924 1940 ergo
956 1882 1248 1939 compertum
1281 1873 1436 1922 fuiffet
1472 1873 1652 1922 Simoni
1688 1873 1817 1939 quod
1848 1891 2007 1924 comes
2043 1874 2301 1924 Glouernie
2336 1884 2437 1925 erat
2467 1877 2516 1926 in

585 1955 829 2019 procinctu
861 1953 1036 2002 itineris
1068 1954 1135 2002 sui
1160 1970 1267 2001 cum
1299 1953 1505 2001 exercitu
1536 1953 1633 2008 suo,
1658 1953 1849 2001 veniens
1881 1961 2044 2002 contra
2075 1953 2205 2004 illum
2237 1955 2298 2003 ad
2322 1954 2513 2012 bellum,

585 2034 777 2082 indilate
805 2032 924 2081 mifit
957 2032 1017 2079 ad
1049 2048 1264 2096 proceres
1289 2031 1369 2096 qui
1400 2032 1448 2079 in
1479 2031 1629 2096 primo
1653 2031 1777 2079 bello
1802 2031 1862 2081 de
1893 2032 1986 2082 fide
2010 2032 2239 2082 baronum
2263 2034 2514 2084 extiterant

585 2113 761 2160 fideles.
833 2112 940 2167 Que
975 2111 1167 2175 quidem
1201 2110 1347 2158 miffio
1382 2126 1490 2159 curn
1524 2110 1824 2159 innotuerant
1857 2111 2128 2175 proceribus
2164 2120 2211 2161 et
2242 2112 2511 2169 baronibus,

584 2190 835 2255 stupefacti
861 2190 918 2237 de
950 2189 1102 2236 subita
1134 2188 1346 2237 evafione
1373 2187 1607 2244 Edwardi,
1639 2206 1749 2236 mox
1773 2190 2056 2237 conveniunt
2088 2190 2149 2237 ad
2178 2191 2419 2242 Simonem
2452 2193 2514 2242 ad

585 2269 710 2317 diem
742 2275 920 2316 certum
952 2267 1078 2332 apud
1111 2267 1398 2316 Eusamiam,
1473 2267 1636 2316 Simon
1659 2284 1770 2316 vero
1802 2269 2017 2333 cogitans
2048 2269 2108 2317 de
2141 2270 2326 2319 cautela
2355 2273 2513 2320 neces-

585 2348 717 2402 saria,
742 2348 789 2395 in
809 2363 902 2395 uno
922 2346 981 2394 de
1005 2346 1237 2411 precipuis
1254 2346 1555 2395 munimentis
1573 2346 1715 2395 totius
1736 2346 1912 2412 Anglie
1936 2347 2188 2412 reliquerat
2211 2348 2357 2398 filium
2380 2351 2513 2401 suum

592 2427 847 2480 Simonem,
888 2425 1032 2473 filicet
1071 2425 1119 2474 in
1161 2425 1349 2474 castello
1385 2425 1445 2473 de
1479 2425 1901 2490 Kellingiswurthe,
1943 2443 2051 2475 cum
2083 2426 2242 2476 multis
2276 2428 2514 2479 nobilibus

588 2506 791 2561 armatis,
827 2513 878 2553 ut
912 2504 946 2552 fi
978 2505 1272 2570 contingeret
1308 2503 1593 2552 Edwardum
1630 2505 1808 2554 Simoni
1843 2506 1963 2570 patri
2001 2505 2192 2554 obviare
2229 2506 2290 2556 ad
2324 2508 2512 2564 faciem,

592 2585 753 2632 Simon
789 2592 926 2633 natus
964 2584 1168 2632 Simonis
1201 2584 1393 2632 veniens
1429 2583 1490 2632 ad
1524 2591 1710 2648 tergum
1744 2584 1847 2649 post
1882 2584 2182 2641 Edwardum,
2219 2595 2512 2652 expugnaret

587 2664 841 2712 exercitum
872 2664 996 2728 ejus;
1043 2663 1172 2728 quod
1199 2663 1382 2711 factum
1412 2663 1581 2719 fuifi'et,
1617 2663 1700 2711 nifi
1727 2663 1922 2728 quidam
1952 2665 2085 2713 miles
2113 2665 2321 2730 proditor
2357 2666 2511 2732 prodi-

588 2743 717 2791 diffet
743 2742 975 2791 Edwardo
999 2742 1340 2807 providentiam
1372 2743 1562 2807 majoris
1591 2743 1796 2792 Simonis
1823 2744 1872 2792 in
1903 2743 2094 2792 castello
2118 2745 2303 2809 prefato
2328 2745 2387 2796 de
2411 2746 2511 2810 plu-

587 2823 711 2870 rimis
743 2822 933 2871 armatis
963 2822 1158 2870 factam.
1232 2822 1340 2879 Que
1372 2838 1479 2870 cum
1514 2830 1757 2887 comperta
1789 2822 1944 2872 fuifl'et
1976 2822 2226 2879 Edwardo‚
2251 2825 2355 2889 jam
2386 2824 2511 2875 enim

588 2902 850 2964 predixerat
881 2900 1089 2966 proditor
1120 2901 1179 2957 ei,
1208 2900 1337 2966 quod
1369 2901 1537 2949 exituri
1571 2909 1704 2950 erant
1739 2901 1906 2953 armati
1941 2901 2096 2951 adhuc
2128 2901 2204 2953 die
2232 2902 2419 2951 lucente
2451 2902 2521 2954 de⁴

590 2979 778 3028 castello
810 2988 857 3028 et
888 2980 1207 3045 pernoctaturi
1232 2980 1279 3028 in
1303 2980 1446 3046 opido
1472 2979 1610 3046 juxta
1635 2979 1804 3045 pofito,
1834 2980 1955 3030 mifit
1982 2981 2151 3034 eadem
2181 2981 2324 3031 noete
2354 2981 2510 3049 plures

588 3057 646 3105 de
670 3059 876 3106 exercitu
904 3075 1046 3124 quem
1078 3058 1365 3108 adunaverat
1397 3066 1617 3115 armatos,
1641 3067 1694 3110 ut
1724 3060 2175 3133 comprehenderent
2205 3066 2409 3111 annates
2436 3057 2507 3109 Si-

587 3136 760 3191 monis3
796 3138 891 3200 qui,
920 3145 972 3186 ut
1002 3138 1184 3187 dietum
1218 3138 1300 3195 est,
1332 3138 1409 3193 die
1440 3138 1726 3203 precedente
1756 3138 1816 3190 de
1847 3139 2037 3191 castello
2069 3139 2278 3192 exierant
2299 3135 2506 3194 >infauste

587 3215 811 3262 fortunati
842 3223 894 3265 ut
925 3215 1177 3266 dormirent
1207 3233 1291 3281 per
1314 3216 1519 3282 fingulas
1549 3216 1714 3269 domos
1745 3217 1874 3282 opidi
1897 3217 2086 3272 castello
2108 3215 2393 3280 adjacentis,
2424 3215 2505 3279 qui

2555 1177 2614 1214 sol.
2633 1181 2690 1215 65.
2710 1180 2745 1214 b.
