<?xml version="1.0" encoding="UTF-8"?>
<!DOCTYPE html PUBLIC "-//W3C//DTD XHTML 1.0 Transitional//EN"
    "http://www.w3.org/TR/xhtml1/DTD/xhtml1-transitional.dtd">
<html xmlns="http://www.w3.org/1999/xhtml" xml:lang="en" lang="en">
 <head>
  <title>
</title>
<meta http-equiv="Content-Type" content="text/html;charset=utf-8" />
  <meta name='ocr-system' content='tesseract 3.04.00' />
  <meta name='ocr-capabilities' content='ocr_page ocr_carea ocr_par ocr_line ocrx_word'/>
</head>
<body>
  <div class='ocr_page' id='page_1' title='image "./chronicdemailros00melruoft_0232.png"; bbox 0 0 2904 3886; ppageno 0'>
   <div class='ocr_carea' id='block_1_1' title="bbox 519 513 2444 570">
    <p class='ocr_par' dir='ltr' id='par_1_1' title="bbox 519 513 2444 570">
     <span class='ocr_line' id='line_1_1' title="bbox 519 513 2444 570; baseline 0.002 -6"><span class='ocrx_word' id='word_1_1' title='bbox 519 519 611 570; x_wconf 87' lang='lat'>190</span> <span class='ocrx_word' id='word_1_2' title='bbox 980 513 1403 565; x_wconf 88' lang='lat' dir='ltr'>CHRONICA</span> <span class='ocrx_word' id='word_1_3' title='bbox 1447 514 1548 563; x_wconf 94' lang='lat' dir='ltr'>DE</span> <span class='ocrx_word' id='word_1_4' title='bbox 1598 513 1986 565; x_wconf 90' lang='lat' dir='ltr'><strong>MAILROS.</strong></span> <span class='ocrx_word' id='word_1_5' title='bbox 2137 516 2270 566; x_wconf 87' lang='lat' dir='ltr'><strong>A.D.</strong></span> <span class='ocrx_word' id='word_1_6' title='bbox 2301 518 2444 568; x_wconf 88' lang='grc'>1263.</span> 
     </span>
    </p>
   </div>
   <div class='ocr_carea' id='block_1_2' title="bbox 509 653 2451 1119">
    <p class='ocr_par' dir='ltr' id='par_1_2' title="bbox 509 653 2451 1119">
     <span class='ocr_line' id='line_1_2' title="bbox 513 653 2450 722; baseline 0.002 -18"><span class='ocrx_word' id='word_1_7' title='bbox 513 657 704 712; x_wconf 85' lang='lat' dir='ltr'>thaeum,</span> <span class='ocrx_word' id='word_1_8' title='bbox 729 657 877 705; x_wconf 90' lang='lat' dir='ltr'>virum</span> <span class='ocrx_word' id='word_1_9' title='bbox 908 653 1215 703; x_wconf 88' lang='lat' dir='ltr'>reverendum</span> <span class='ocrx_word' id='word_1_10' title='bbox 1251 660 1397 718; x_wconf 89' lang='lat' dir='ltr'>atque</span> <span class='ocrx_word' id='word_1_11' title='bbox 1419 653 1704 718; x_wconf 86' lang='lat' dir='ltr'>largifluum,</span> <span class='ocrx_word' id='word_1_12' title='bbox 1729 660 1778 701; x_wconf 84' lang='lat' dir='ltr'>et</span> <span class='ocrx_word' id='word_1_13' title='bbox 1800 653 2052 703; x_wconf 85' lang='lat' dir='ltr'>nonnullas</span> <span class='ocrx_word' id='word_1_14' title='bbox 2082 653 2378 722; x_wconf 74' lang='lat' dir='ltr'>pofi&#39;effiones</span> <span class='ocrx_word' id='word_1_15' title='bbox 2401 668 2450 707; x_wconf 88' lang='lat' dir='ltr'>et</span> 
     </span>
     <span class='ocr_line' id='line_1_3' title="bbox 513 720 2451 802; baseline 0.001 -17"><span class='ocrx_word' id='word_1_16' title='bbox 513 737 670 802; x_wconf 89' lang='lat' dir='ltr'>plures</span> <span class='ocrx_word' id='word_1_17' title='bbox 699 734 930 800; x_wconf 85' lang='lat' dir='ltr'>pitancias</span> <span class='ocrx_word' id='word_1_18' title='bbox 961 749 1019 780; x_wconf 88' lang='lat' dir='ltr'>ex</span> <span class='ocrx_word' id='word_1_19' title='bbox 1044 732 1299 798; x_wconf 83' lang='lat' dir='ltr'>adeptione</span> <span class='ocrx_word' id='word_1_20' title='bbox 1323 731 1426 797; x_wconf 89' lang='lat' dir='ltr'>ejus</span> <span class='ocrx_word' id='word_1_21' title='bbox 1460 730 1645 781; x_wconf 89' lang='lat' dir='ltr'>obtinet</span> <span class='ocrx_word' id='word_1_22' title='bbox 1668 731 1836 781; x_wconf 90' lang='lat' dir='ltr'>domus</span> <span class='ocrx_word' id='word_1_23' title='bbox 1860 732 1920 781; x_wconf 88' lang='lat' dir='ltr'>de</span> <span class='ocrx_word' id='word_1_24' title='bbox 1946 732 2153 790; x_wconf 87' lang='lat' dir='ltr'>Melros;</span> <span class='ocrx_word' id='word_1_25' title='bbox 2187 744 2271 800; x_wconf 82' lang='lat' dir='ltr'>per</span> <span class='ocrx_word' id='word_1_26' title='bbox 2301 720 2451 801; x_wconf 82' lang='lat' dir='ltr'>ipsum</span> 
     </span>
     <span class='ocr_line' id='line_1_4' title="bbox 511 810 2451 880; baseline 0 -16"><span class='ocrx_word' id='word_1_27' title='bbox 511 816 740 864; x_wconf 86' lang='lat' dir='ltr'>habemus</span> <span class='ocrx_word' id='word_1_28' title='bbox 763 829 910 879; x_wconf 87' lang='lat' dir='ltr'>panes</span> <span class='ocrx_word' id='word_1_29' title='bbox 933 811 1204 877; x_wconf 88' lang='lat' dir='ltr'>pitantiales</span> <span class='ocrx_word' id='word_1_30' title='bbox 1227 811 1394 860; x_wconf 89' lang='lat' dir='ltr'>diebus</span> <span class='ocrx_word' id='word_1_31' title='bbox 1419 810 1621 861; x_wconf 89' lang='lat' dir='ltr'>Veneris</span> <span class='ocrx_word' id='word_1_32' title='bbox 1643 812 1692 860; x_wconf 95' lang='lat' dir='ltr'>in</span> <span class='ocrx_word' id='word_1_33' title='bbox 1716 811 2093 878; x_wconf 88' lang='lat' dir='ltr'>quadragefima‚</span> <span class='ocrx_word' id='word_1_34' title='bbox 2117 813 2310 879; x_wconf 88' lang='lat' dir='ltr'>quando</span> <span class='ocrx_word' id='word_1_35' title='bbox 2327 814 2451 880; x_wconf 87' lang='lat' dir='ltr'>jeju-</span> 
     </span>
     <span class='ocr_line' id='line_1_5' title="bbox 511 891 2451 958; baseline 0.001 -16"><span class='ocrx_word' id='word_1_36' title='bbox 511 911 678 943; x_wconf 86' lang='lat' dir='ltr'><strong>namus</strong></span> <span class='ocrx_word' id='word_1_37' title='bbox 696 894 743 942; x_wconf 90' lang='lat' dir='ltr'>in</span> <span class='ocrx_word' id='word_1_38' title='bbox 768 909 891 958; x_wconf 88' lang='lat' dir='ltr'>pane</span> <span class='ocrx_word' id='word_1_39' title='bbox 916 899 965 940; x_wconf 90' lang='lat' dir='ltr'>et</span> <span class='ocrx_word' id='word_1_40' title='bbox 990 909 1133 958; x_wconf 82' lang='lat' dir='ltr'>aqua.</span> <span class='ocrx_word' id='word_1_41' title='bbox 1196 891 1301 956; x_wconf 92' lang='lat' dir='ltr'>Ipse</span> <span class='ocrx_word' id='word_1_42' title='bbox 1321 899 1482 940; x_wconf 88' lang='lat' dir='ltr'>autem</span> <span class='ocrx_word' id='word_1_43' title='bbox 1504 892 1619 942; x_wconf 87' lang='lat' dir='ltr'>fecit</span> <span class='ocrx_word' id='word_1_44' title='bbox 1636 907 1837 958; x_wconf 89' lang='lat' dir='ltr'>magnas</span> <span class='ocrx_word' id='word_1_45' title='bbox 1862 891 2029 942; x_wconf 86' lang='lat' dir='ltr'>domos</span> <span class='ocrx_word' id='word_1_46' title='bbox 2044 892 2226 942; x_wconf 85' lang='lat' dir='ltr'>nostras</span> <span class='ocrx_word' id='word_1_47' title='bbox 2249 893 2310 943; x_wconf 89' lang='lat' dir='ltr'>de</span> <span class='ocrx_word' id='word_1_48' title='bbox 2336 893 2451 944; x_wconf 89' lang='lat' dir='ltr'>Ber-</span> 
     </span>
     <span class='ocr_line' id='line_1_6' title="bbox 510 970 2451 1038; baseline 0.002 -17"><span class='ocrx_word' id='word_1_49' title='bbox 510 974 640 1028; x_wconf 86' lang='lat' dir='ltr'>wico,</span> <span class='ocrx_word' id='word_1_50' title='bbox 665 974 851 1038; x_wconf 91' lang='lat' dir='ltr'>insuper</span> <span class='ocrx_word' id='word_1_51' title='bbox 875 979 922 1020; x_wconf 93' lang='lat' dir='ltr'>et</span> <span class='ocrx_word' id='word_1_52' title='bbox 945 971 1118 1021; x_wconf 89' lang='lat' dir='ltr'>multas</span> <span class='ocrx_word' id='word_1_53' title='bbox 1141 971 1395 1027; x_wconf 91' lang='lat' dir='ltr'>vaccarias,</span> <span class='ocrx_word' id='word_1_54' title='bbox 1421 970 1655 1027; x_wconf 88' lang='lat' dir='ltr'>bovarias,</span> <span class='ocrx_word' id='word_1_55' title='bbox 1679 979 1728 1020; x_wconf 90' lang='lat' dir='ltr'>et</span> <span class='ocrx_word' id='word_1_56' title='bbox 1751 988 1990 1021; x_wconf 89' lang='lat' dir='ltr'>cameram</span> <span class='ocrx_word' id='word_1_57' title='bbox 2011 983 2239 1038; x_wconf 86' lang='lat' dir='ltr'>magnam</span> <span class='ocrx_word' id='word_1_58' title='bbox 2263 974 2451 1024; x_wconf 84' lang='lat' dir='ltr'>abbatis</span> 
     </span>
     <span class='ocr_line' id='line_1_7' title="bbox 509 1050 2450 1119; baseline 0.001 -18"><span class='ocrx_word' id='word_1_59' title='bbox 509 1070 602 1117; x_wconf 90' lang='lat' dir='ltr'>que</span> <span class='ocrx_word' id='word_1_60' title='bbox 634 1052 701 1100; x_wconf 89' lang='lat' dir='ltr'>est</span> <span class='ocrx_word' id='word_1_61' title='bbox 723 1053 859 1117; x_wconf 89' lang='lat' dir='ltr'>super</span> <span class='ocrx_word' id='word_1_62' title='bbox 890 1052 1041 1116; x_wconf 87' lang='lat' dir='ltr'>ripam</span> <span class='ocrx_word' id='word_1_63' title='bbox 1065 1068 1205 1116; x_wconf 86' lang='lat' dir='ltr'>aque,</span> <span class='ocrx_word' id='word_1_64' title='bbox 1230 1067 1338 1099; x_wconf 90' lang='lat' dir='ltr'>cum</span> <span class='ocrx_word' id='word_1_65' title='bbox 1372 1050 1641 1116; x_wconf 62' lang='lat' dir='ltr'>adjectione</span> <span class='ocrx_word' id='word_1_66' title='bbox 1666 1051 1864 1100; x_wconf 88' lang='lat' dir='ltr'>aliorum</span> <span class='ocrx_word' id='word_1_67' title='bbox 1896 1052 2186 1101; x_wconf 89' lang='lat' dir='ltr'>edificiorum</span> <span class='ocrx_word' id='word_1_68' title='bbox 2216 1069 2312 1102; x_wconf 93' lang='lat' dir='ltr'>non</span> <span class='ocrx_word' id='word_1_69' title='bbox 2336 1071 2450 1119; x_wconf 86' lang='lat' dir='ltr'>pau-</span> 
     </span>
    </p>
   </div>
   <div class='ocr_carea' id='block_1_3' title="bbox 511 1132 987 1181">
    <p class='ocr_par' dir='ltr' id='par_1_3' title="bbox 511 1132 987 1181">
     <span class='ocr_line' id='line_1_8' title="bbox 511 1132 987 1181; baseline -0.002 0"><span class='ocrx_word' id='word_1_70' title='bbox 511 1149 672 1181; x_wconf 91' lang='lat' dir='ltr'>corum</span> <span class='ocrx_word' id='word_1_71' title='bbox 697 1132 987 1181; x_wconf 48' lang='lat' dir='ltr'>construxit}</span> 
     </span>
    </p>
   </div>
   <div class='ocr_carea' id='block_1_4' title="bbox 503 1289 2660 2391">
    <p class='ocr_par' dir='ltr' id='par_1_4' title="bbox 506 1289 2660 1914">
     <span class='ocr_line' id='line_1_9' title="bbox 578 1289 2660 1357; baseline -0 -15"><span class='ocrx_word' id='word_1_72' title='bbox 578 1293 730 1342; x_wconf 82' lang='grc' dir='ltr'><strong>ΑΝΝο</strong></span> <span class='ocrx_word' id='word_1_73' title='bbox 771 1291 966 1340; x_wconf 90' lang='lat' dir='ltr'>Domini</span> <span class='ocrx_word' id='word_1_74' title='bbox 997 1290 1245 1355; x_wconf 84' lang='lat' dir='ltr'>M.cc.lxiij.</span> <span class='ocrx_word' id='word_1_75' title='bbox 1285 1289 1425 1338; x_wconf 87' lang='lat' dir='ltr'>Haeo</span> <span class='ocrx_word' id='word_1_76' title='bbox 1464 1289 1568 1338; x_wconf 85' lang='lat' dir='ltr'>Rex</span> <span class='ocrx_word' id='word_1_77' title='bbox 1600 1289 1856 1356; x_wconf 89' lang='lat' dir='ltr'>Norwagie</span> <span class='ocrx_word' id='word_1_78' title='bbox 1894 1307 2003 1339; x_wconf 91' lang='lat' dir='ltr'>cum</span> <span class='ocrx_word' id='word_1_79' title='bbox 2028 1292 2217 1357; x_wconf 90' lang='lat' dir='ltr'>copiosa</span> <span class='ocrx_word' id='word_1_80' title='bbox 2258 1293 2447 1341; x_wconf 90' lang='lat' dir='ltr'>navium</span> <span class='ocrx_word' id='word_1_81' title='bbox 2524 1297 2660 1333; x_wconf 81' lang='lat' dir='ltr'><strong>f01.62.</strong></span> 
     </span>
     <span class='ocr_line' id='line_1_10' title="bbox 508 1369 2447 1437; baseline 0 -16"><span class='ocrx_word' id='word_1_82' title='bbox 508 1372 808 1421; x_wconf 88' lang='lat' dir='ltr'>multitudine</span> <span class='ocrx_word' id='word_1_83' title='bbox 836 1371 963 1419; x_wconf 89' lang='lat' dir='ltr'>venit</span> <span class='ocrx_word' id='word_1_84' title='bbox 987 1387 1070 1435; x_wconf 91' lang='lat' dir='ltr'>per</span> <span class='ocrx_word' id='word_1_85' title='bbox 1104 1386 1233 1417; x_wconf 87' lang='lat' dir='ltr'>mare</span> <span class='ocrx_word' id='word_1_86' title='bbox 1269 1369 1564 1418; x_wconf 89' lang='lat' dir='ltr'>occidentale</span> <span class='ocrx_word' id='word_1_87' title='bbox 1596 1370 1657 1418; x_wconf 88' lang='lat' dir='ltr'>ad</span> <span class='ocrx_word' id='word_1_88' title='bbox 1681 1370 2015 1419; x_wconf 90' lang='lat' dir='ltr'>debellandum</span> <span class='ocrx_word' id='word_1_89' title='bbox 2050 1387 2210 1437; x_wconf 91' lang='lat' dir='ltr'>regem</span> <span class='ocrx_word' id='word_1_90' title='bbox 2251 1371 2447 1421; x_wconf 87' lang='lat' dir='ltr'>Scotie.z</span> 
     </span>
     <span class='ocr_line' id='line_1_11' title="bbox 515 1448 2446 1514; baseline -0.001 -14"><span class='ocrx_word' id='word_1_91' title='bbox 515 1453 612 1501; x_wconf 87' lang='lat' dir='ltr'>Sed</span> <span class='ocrx_word' id='word_1_92' title='bbox 644 1469 694 1500; x_wconf 92' lang='lat' dir='ltr'>re</span> <span class='ocrx_word' id='word_1_93' title='bbox 717 1468 843 1506; x_wconf 88' lang='lat' dir='ltr'>vera,</span> <span class='ocrx_word' id='word_1_94' title='bbox 868 1458 919 1498; x_wconf 91' lang='lat' dir='ltr'>ut</span> <span class='ocrx_word' id='word_1_95' title='bbox 943 1450 1039 1514; x_wconf 90' lang='lat' dir='ltr'>ipse</span> <span class='ocrx_word' id='word_1_96' title='bbox 1066 1449 1131 1497; x_wconf 88' lang='lat' dir='ltr'>H.</span> <span class='ocrx_word' id='word_1_97' title='bbox 1158 1448 1437 1504; x_wconf 87' lang='lat' dir='ltr'>affirmabat,</span> <span class='ocrx_word' id='word_1_98' title='bbox 1461 1466 1557 1497; x_wconf 90' lang='lat' dir='ltr'>non</span> <span class='ocrx_word' id='word_1_99' title='bbox 1592 1466 1701 1497; x_wconf 91' lang='lat' dir='ltr'>eum</span> <span class='ocrx_word' id='word_1_100' title='bbox 1725 1450 1895 1514; x_wconf 89' lang='lat' dir='ltr'>repulit</span> <span class='ocrx_word' id='word_1_101' title='bbox 1926 1451 1995 1499; x_wconf 90' lang='lat' dir='ltr'>vis</span> <span class='ocrx_word' id='word_1_102' title='bbox 2023 1450 2231 1499; x_wconf 90' lang='lat' dir='ltr'>humana</span> <span class='ocrx_word' id='word_1_103' title='bbox 2255 1452 2336 1500; x_wconf 89' lang='lat' dir='ltr'>sed</span> <span class='ocrx_word' id='word_1_104' title='bbox 2359 1453 2446 1500; x_wconf 91' lang='lat' dir='ltr'>vir-</span> 
     </span>
     <span class='ocr_line' id='line_1_12' title="bbox 508 1528 2450 1595; baseline -0.001 -15"><span class='ocrx_word' id='word_1_105' title='bbox 508 1541 584 1580; x_wconf 89' lang='lat' dir='ltr'>tus</span> <span class='ocrx_word' id='word_1_106' title='bbox 610 1531 806 1585; x_wconf 87' lang='lat' dir='ltr'>Divina,</span> <span class='ocrx_word' id='word_1_107' title='bbox 831 1547 924 1595; x_wconf 92' lang='lat' dir='ltr'>que</span> <span class='ocrx_word' id='word_1_108' title='bbox 948 1546 1092 1577; x_wconf 88' lang='lat' dir='ltr'>naves</span> <span class='ocrx_word' id='word_1_109' title='bbox 1125 1528 1227 1592; x_wconf 90' lang='lat' dir='ltr'>ejus</span> <span class='ocrx_word' id='word_1_110' title='bbox 1251 1528 1485 1593; x_wconf 85' lang='lat' dir='ltr'>confregit</span> <span class='ocrx_word' id='word_1_111' title='bbox 1509 1535 1557 1576; x_wconf 92' lang='lat' dir='ltr'>et</span> <span class='ocrx_word' id='word_1_112' title='bbox 1581 1528 1628 1575; x_wconf 92' lang='lat' dir='ltr'>in</span> <span class='ocrx_word' id='word_1_113' title='bbox 1662 1529 1921 1577; x_wconf 90' lang='lat' dir='ltr'>exercitum</span> <span class='ocrx_word' id='word_1_114' title='bbox 1943 1529 2078 1578; x_wconf 87' lang='lat' dir='ltr'>suum</span> <span class='ocrx_word' id='word_1_115' title='bbox 2111 1530 2450 1580; x_wconf 86' lang='lat' dir='ltr'>mortalitatem</span> 
     </span>
     <span class='ocr_line' id='line_1_13' title="bbox 507 1607 2451 1674; baseline -0.001 -15"><span class='ocrx_word' id='word_1_116' title='bbox 507 1610 714 1665; x_wconf 91' lang='lat' dir='ltr'>immifit;</span> <span class='ocrx_word' id='word_1_117' title='bbox 750 1611 934 1674; x_wconf 89' lang='lat' dir='ltr'>insuper</span> <span class='ocrx_word' id='word_1_118' title='bbox 959 1617 1007 1657; x_wconf 90' lang='lat' dir='ltr'>et</span> <span class='ocrx_word' id='word_1_119' title='bbox 1025 1625 1107 1656; x_wconf 89' lang='lat' dir='ltr'>eos</span> <span class='ocrx_word' id='word_1_120' title='bbox 1130 1607 1211 1672; x_wconf 92' lang='lat' dir='ltr'>qui</span> <span class='ocrx_word' id='word_1_121' title='bbox 1231 1607 1376 1655; x_wconf 89' lang='lat' dir='ltr'>tercia</span> <span class='ocrx_word' id='word_1_122' title='bbox 1391 1607 1468 1655; x_wconf 87' lang='lat' dir='ltr'>die</span> <span class='ocrx_word' id='word_1_123' title='bbox 1494 1607 1596 1672; x_wconf 92' lang='lat' dir='ltr'>post</span> <span class='ocrx_word' id='word_1_124' title='bbox 1619 1607 2014 1672; x_wconf 87' lang='lat' dir='ltr'>sollempnitatem</span> <span class='ocrx_word' id='word_1_125' title='bbox 2031 1609 2182 1657; x_wconf 71' lang='lat' dir='ltr'>sanc&#39;ti</span> <span class='ocrx_word' id='word_1_126' title='bbox 2199 1608 2451 1659; x_wconf 85' lang='lat' dir='ltr'>Michaelis</span> 
     </span>
     <span class='ocr_line' id='line_1_14' title="bbox 514 1686 2452 1755; baseline 0 -17"><span class='ocrx_word' id='word_1_127' title='bbox 514 1690 646 1755; x_wconf 87' lang='lat' dir='ltr'>[Oct.</span> <span class='ocrx_word' id='word_1_128' title='bbox 673 1689 725 1754; x_wconf 84' lang='lat'>2]</span> <span class='ocrx_word' id='word_1_129' title='bbox 766 1689 827 1737; x_wconf 91' lang='lat' dir='ltr'>ad</span> <span class='ocrx_word' id='word_1_130' title='bbox 862 1687 1157 1754; x_wconf 90' lang='lat' dir='ltr'>preliandum</span> <span class='ocrx_word' id='word_1_131' title='bbox 1190 1694 1524 1742; x_wconf 88' lang='lat' dir='ltr'>convenerant,</span> <span class='ocrx_word' id='word_1_132' title='bbox 1561 1703 1645 1752; x_wconf 89' lang='lat' dir='ltr'>per</span> <span class='ocrx_word' id='word_1_133' title='bbox 1680 1686 1979 1752; x_wconf 71' lang='lat' dir='ltr'>pedissequos</span> <span class='ocrx_word' id='word_1_134' title='bbox 2010 1688 2161 1752; x_wconf 87' lang='lat' dir='ltr'>patrie</span> <span class='ocrx_word' id='word_1_135' title='bbox 2199 1688 2452 1738; x_wconf 90' lang='lat' dir='ltr'>debellavit</span> 
     </span>
     <span class='ocr_line' id='line_1_15' title="bbox 509 1766 2452 1835; baseline -0.001 -17"><span class='ocrx_word' id='word_1_136' title='bbox 509 1778 652 1835; x_wconf 89' lang='lat' dir='ltr'>atque</span> <span class='ocrx_word' id='word_1_137' title='bbox 675 1769 935 1834; x_wconf 90' lang='lat' dir='ltr'>prostravit.</span> <span class='ocrx_word' id='word_1_138' title='bbox 1009 1768 1310 1832; x_wconf 84' lang='lat' dir='ltr'>Quapropter</span> <span class='ocrx_word' id='word_1_139' title='bbox 1339 1766 1497 1815; x_wconf 58' lang='lat' dir='ltr'>coacti</span> <span class='ocrx_word' id='word_1_140' title='bbox 1520 1767 1624 1816; x_wconf 88' lang='lat' dir='ltr'>sunt</span> <span class='ocrx_word' id='word_1_141' title='bbox 1657 1783 1766 1815; x_wconf 91' lang='lat' dir='ltr'>cum</span> <span class='ocrx_word' id='word_1_142' title='bbox 1790 1767 2045 1816; x_wconf 89' lang='lat' dir='ltr'>vulneratis</span> <span class='ocrx_word' id='word_1_143' title='bbox 2069 1775 2117 1816; x_wconf 91' lang='lat' dir='ltr'>et</span> <span class='ocrx_word' id='word_1_144' title='bbox 2140 1769 2336 1817; x_wconf 89' lang='lat' dir='ltr'>mortuis</span> <span class='ocrx_word' id='word_1_145' title='bbox 2360 1769 2452 1817; x_wconf 86' lang='lat' dir='ltr'>suis</span> 
     </span>
     <span class='ocr_line' id='line_1_16' title="bbox 506 1846 2157 1914; baseline -0.001 -16"><span class='ocrx_word' id='word_1_146' title='bbox 506 1867 650 1898; x_wconf 88' lang='lat' dir='ltr'>naves</span> <span class='ocrx_word' id='word_1_147' title='bbox 673 1848 825 1914; x_wconf 88' lang='lat' dir='ltr'>sua[s]</span> <span class='ocrx_word' id='word_1_148' title='bbox 853 1855 1083 1913; x_wconf 83' lang='lat' dir='ltr'>repetere,</span> <span class='ocrx_word' id='word_1_149' title='bbox 1108 1855 1156 1895; x_wconf 92' lang='lat' dir='ltr'>et</span> <span class='ocrx_word' id='word_1_150' title='bbox 1179 1846 1240 1895; x_wconf 89' lang='lat' dir='ltr'>fic</span> <span class='ocrx_word' id='word_1_151' title='bbox 1264 1847 1445 1911; x_wconf 89' lang='lat' dir='ltr'>turpius</span> <span class='ocrx_word' id='word_1_152' title='bbox 1469 1863 1614 1912; x_wconf 88' lang='lat' dir='ltr'>quam</span> <span class='ocrx_word' id='word_1_153' title='bbox 1637 1855 1863 1896; x_wconf 88' lang='lat' dir='ltr'>venerant</span> <span class='ocrx_word' id='word_1_154' title='bbox 1886 1847 2157 1912; x_wconf 89' lang='lat' dir='ltr'>repatriare.</span> 
     </span>
    </p>

    <p class='ocr_par' dir='ltr' id='par_1_5' title="bbox 503 1925 2451 2391">
     <span class='ocr_line' id='line_1_17' title="bbox 575 1925 2451 1994; baseline 0 -17"><span class='ocrx_word' id='word_1_155' title='bbox 575 1929 685 1977; x_wconf 92' lang='lat' dir='ltr'>Hoc</span> <span class='ocrx_word' id='word_1_156' title='bbox 709 1946 850 1984; x_wconf 89' lang='lat' dir='ltr'>anno,</span> <span class='ocrx_word' id='word_1_157' title='bbox 866 1929 913 1976; x_wconf 92' lang='lat' dir='ltr'>in</span> <span class='ocrx_word' id='word_1_158' title='bbox 939 1928 1015 1976; x_wconf 90' lang='lat' dir='ltr'>die</span> <span class='ocrx_word' id='word_1_159' title='bbox 1039 1927 1201 1975; x_wconf 66' lang='lat' dir='ltr'>sancte</span> <span class='ocrx_word' id='word_1_160' title='bbox 1228 1926 1433 1991; x_wconf 88' lang='lat' dir='ltr'>Agnetis</span> <span class='ocrx_word' id='word_1_161' title='bbox 1461 1925 1592 1991; x_wconf 87' lang='lat' dir='ltr'>[Jan.</span> <span class='ocrx_word' id='word_1_162' title='bbox 1618 1927 1724 1992; x_wconf 85' lang='lat'><strong>21],</strong></span> <span class='ocrx_word' id='word_1_163' title='bbox 1750 1927 1877 1992; x_wconf 90' lang='lat' dir='ltr'>apud</span> <span class='ocrx_word' id='word_1_164' title='bbox 1896 1927 2151 1976; x_wconf 90' lang='lat' dir='ltr'>Gedewrth</span> <span class='ocrx_word' id='word_1_165' title='bbox 2175 1929 2358 1994; x_wconf 91' lang='lat' dir='ltr'>peperit</span> <span class='ocrx_word' id='word_1_166' title='bbox 2382 1946 2451 1977; x_wconf 90' lang='lat' dir='ltr'>re-</span> 
     </span>
     <span class='ocr_line' id='line_1_18' title="bbox 509 2006 2450 2074; baseline -0.002 -16"><span class='ocrx_word' id='word_1_167' title='bbox 509 2011 621 2074; x_wconf 90' lang='lat' dir='ltr'>gina</span> <span class='ocrx_word' id='word_1_168' title='bbox 651 2009 812 2057; x_wconf 86' lang='lat' dir='ltr'>Scotie</span> <span class='ocrx_word' id='word_1_169' title='bbox 830 2008 992 2063; x_wconf 85' lang='lat' dir='ltr'>filium,</span> <span class='ocrx_word' id='word_1_170' title='bbox 1018 2024 1159 2072; x_wconf 89' lang='lat' dir='ltr'>quem</span> <span class='ocrx_word' id='word_1_171' title='bbox 1184 2024 1213 2054; x_wconf 89' lang='lat' dir='ltr'>a</span> <span class='ocrx_word' id='word_1_172' title='bbox 1231 2006 1484 2054; x_wconf 87' lang='lat' dir='ltr'>Gamelino</span> <span class='ocrx_word' id='word_1_173' title='bbox 1501 2007 1721 2071; x_wconf 91' lang='lat' dir='ltr'>episcopo</span> <span class='ocrx_word' id='word_1_174' title='bbox 1745 2007 1895 2056; x_wconf 66' lang='lat' dir='ltr'>sanEti</span> <span class='ocrx_word' id='word_1_175' title='bbox 1917 2007 2111 2057; x_wconf 91' lang='lat' dir='ltr'>Andree</span> <span class='ocrx_word' id='word_1_176' title='bbox 2141 2008 2450 2073; x_wconf 91' lang='lat' dir='ltr'>baptizatum,</span> 
     </span>
     <span class='ocr_line' id='line_1_19' title="bbox 503 2085 2450 2153; baseline -0.001 -16"><span class='ocrx_word' id='word_1_177' title='bbox 503 2090 640 2153; x_wconf 85' lang='lat' dir='ltr'>juxta</span> <span class='ocrx_word' id='word_1_178' title='bbox 664 2088 809 2153; x_wconf 88' lang='lat' dir='ltr'>patris</span> <span class='ocrx_word' id='word_1_179' title='bbox 840 2087 1088 2152; x_wconf 91' lang='lat' dir='ltr'>imperium</span> <span class='ocrx_word' id='word_1_180' title='bbox 1119 2094 1407 2134; x_wconf 88' lang='lat' dir='ltr'>vocaverunt</span> <span class='ocrx_word' id='word_1_181' title='bbox 1434 2085 1782 2142; x_wconf 82' lang='lat' dir='ltr'>Alexandrum3</span> <span class='ocrx_word' id='word_1_182' title='bbox 1818 2087 1945 2135; x_wconf 92' lang='lat' dir='ltr'>unde</span> <span class='ocrx_word' id='word_1_183' title='bbox 1974 2087 2173 2153; x_wconf 88' lang='lat' dir='ltr'>contigit</span> <span class='ocrx_word' id='word_1_184' title='bbox 2205 2095 2256 2135; x_wconf 90' lang='lat' dir='ltr'>ut</span> <span class='ocrx_word' id='word_1_185' title='bbox 2281 2088 2450 2136; x_wconf 89' lang='lat' dir='ltr'>eodem</span> 
     </span>
     <span class='ocr_line' id='line_1_20' title="bbox 511 2165 2448 2231; baseline -0.001 -15"><span class='ocrx_word' id='word_1_186' title='bbox 511 2169 586 2216; x_wconf 92' lang='lat' dir='ltr'>die</span> <span class='ocrx_word' id='word_1_187' title='bbox 625 2185 719 2231; x_wconf 92' lang='lat' dir='ltr'>quo</span> <span class='ocrx_word' id='word_1_188' title='bbox 753 2167 1028 2215; x_wconf 87' lang='lat' dir='ltr'>nunciatum</span> <span class='ocrx_word' id='word_1_189' title='bbox 1067 2166 1133 2214; x_wconf 92' lang='lat' dir='ltr'>est</span> <span class='ocrx_word' id='word_1_190' title='bbox 1165 2166 1267 2230; x_wconf 89' lang='lat' dir='ltr'>regi</span> <span class='ocrx_word' id='word_1_191' title='bbox 1305 2165 1465 2213; x_wconf 86' lang='lat' dir='ltr'>Scotie</span> <span class='ocrx_word' id='word_1_192' title='bbox 1488 2165 1638 2213; x_wconf 91' lang='lat' dir='ltr'>filium</span> <span class='ocrx_word' id='word_1_193' title='bbox 1673 2183 1702 2214; x_wconf 89' lang='lat' dir='ltr'>a</span> <span class='ocrx_word' id='word_1_194' title='bbox 1735 2166 1843 2215; x_wconf 91' lang='lat' dir='ltr'>Deo</span> <span class='ocrx_word' id='word_1_195' title='bbox 1874 2166 1958 2215; x_wconf 92' lang='lat' dir='ltr'>fibi</span> <span class='ocrx_word' id='word_1_196' title='bbox 1993 2166 2086 2215; x_wconf 84' lang='lat' dir='ltr'>effe</span> <span class='ocrx_word' id='word_1_197' title='bbox 2122 2167 2302 2223; x_wconf 89' lang='lat' dir='ltr'>datum,</span> <span class='ocrx_word' id='word_1_198' title='bbox 2330 2184 2448 2214; x_wconf 89' lang='lat' dir='ltr'>nun-</span> 
     </span>
     <span class='ocr_line' id='line_1_21' title="bbox 511 2243 2447 2311; baseline -0.001 -16"><span class='ocrx_word' id='word_1_199' title='bbox 511 2249 712 2295; x_wconf 87' lang='lat' dir='ltr'>ciaretur</span> <span class='ocrx_word' id='word_1_200' title='bbox 732 2247 774 2294; x_wconf 91' lang='lat' dir='ltr'>ei</span> <span class='ocrx_word' id='word_1_201' title='bbox 795 2254 842 2294; x_wconf 91' lang='lat' dir='ltr'>et</span> <span class='ocrx_word' id='word_1_202' title='bbox 860 2262 1022 2311; x_wconf 90' lang='lat' dir='ltr'>regem</span> <span class='ocrx_word' id='word_1_203' title='bbox 1043 2244 1298 2310; x_wconf 87' lang='lat' dir='ltr'>Norwagie</span> <span class='ocrx_word' id='word_1_204' title='bbox 1318 2243 1620 2300; x_wconf 65' lang='lat' dir='ltr'>defunctum</span> <span class='ocrx_word' id='word_1_205' title='bbox 1645 2253 1933 2310; x_wconf 87' lang='lat' dir='ltr'>quapropter</span> <span class='ocrx_word' id='word_1_206' title='bbox 1948 2246 2156 2311; x_wconf 90' lang='lat' dir='ltr'>dupplici</span> <span class='ocrx_word' id='word_1_207' title='bbox 2175 2247 2354 2311; x_wconf 91' lang='lat' dir='ltr'>gaudio</span> <span class='ocrx_word' id='word_1_208' title='bbox 2371 2263 2447 2295; x_wconf 87' lang='lat' dir='ltr'>ex-</span> 
     </span>
     <span class='ocr_line' id='line_1_22' title="bbox 510 2322 2446 2391; baseline -0.001 -17"><span class='ocrx_word' id='word_1_209' title='bbox 510 2327 769 2381; x_wconf 86' lang='lat' dir='ltr'>hillaratus‚</span> <span class='ocrx_word' id='word_1_210' title='bbox 795 2326 972 2390; x_wconf 85' lang='lat' dir='ltr'>gratias</span> <span class='ocrx_word' id='word_1_211' title='bbox 995 2325 1198 2373; x_wconf 88' lang='lat' dir='ltr'>reddidit</span> <span class='ocrx_word' id='word_1_212' title='bbox 1224 2323 1349 2379; x_wconf 89' lang='lat' dir='ltr'>De0,</span> <span class='ocrx_word' id='word_1_213' title='bbox 1374 2323 1456 2388; x_wconf 92' lang='lat' dir='ltr'>qui</span> <span class='ocrx_word' id='word_1_214' title='bbox 1479 2322 1679 2372; x_wconf 88' lang='lat' dir='ltr'>humiles</span> <span class='ocrx_word' id='word_1_215' title='bbox 1703 2325 1880 2374; x_wconf 85' lang='lat' dir='ltr'>exaltat</span> <span class='ocrx_word' id='word_1_216' title='bbox 1904 2333 1952 2374; x_wconf 85' lang='lat' dir='ltr'>et</span> <span class='ocrx_word' id='word_1_217' title='bbox 1975 2325 2199 2391; x_wconf 89' lang='lat' dir='ltr'>superbos</span> <span class='ocrx_word' id='word_1_218' title='bbox 2216 2325 2446 2373; x_wconf 89' lang='lat' dir='ltr'>humiliat.</span> 
     </span>
    </p>
   </div>
   <div class='ocr_carea' id='block_1_5' title="bbox 1106 2560 2681 2617">
    <p class='ocr_par' dir='ltr' id='par_1_6' title="bbox 1106 2560 2681 2617">
     <span class='ocr_line' id='line_1_23' title="bbox 1106 2560 2681 2617; baseline 0.003 -6"><span class='ocrx_word' id='word_1_219' title='bbox 1106 2560 1435 2611; x_wconf 87' lang='lat' dir='ltr'><strong>ABBATES</strong></span> <span class='ocrx_word' id='word_1_220' title='bbox 1474 2560 1568 2610; x_wconf 90' lang='lat' dir='ltr'>DE</span> <span class='ocrx_word' id='word_1_221' title='bbox 1608 2561 1917 2611; x_wconf 87' lang='lat' dir='ltr'><strong>MELROS.</strong></span> <span class='ocrx_word' id='word_1_222' title='bbox 2491 2579 2550 2616; x_wconf 84' lang='lat' dir='ltr'>sol.</span> <span class='ocrx_word' id='word_1_223' title='bbox 2570 2583 2628 2617; x_wconf 80' lang='lat'>62.</span> <span class='ocrx_word' id='word_1_224' title='bbox 2648 2582 2681 2615; x_wconf 88' lang='lat' dir='ltr'>b.</span> 
     </span>
    </p>
   </div>
   <div class='ocr_carea' id='block_1_6' title="bbox 673 2638 1014 2926">
    <p class='ocr_par' dir='ltr' id='par_1_7' title="bbox 673 2638 1014 2926">
     <span class='ocr_line' id='line_1_24' title="bbox 676 2638 956 2686; baseline 0 0"><span class='ocrx_word' id='word_1_225' title='bbox 676 2638 956 2686; x_wconf 70' lang='lat' dir='ltr'>RmAnnus.</span> 
     </span>
     <span class='ocr_line' id='line_1_25' title="bbox 678 2713 999 2766; baseline -0.003 -1"><span class='ocrx_word' id='word_1_226' title='bbox 678 2713 999 2766; x_wconf 83' lang='lat' dir='ltr'>WALTEWUS.</span> 
     </span>
     <span class='ocr_line' id='line_1_26' title="bbox 678 2797 1014 2846; baseline 0 -2"><span class='ocrx_word' id='word_1_227' title='bbox 678 2797 1014 2846; x_wconf 78' lang='lat' dir='ltr'>WILLELMUS.</span> 
     </span>
     <span class='ocr_line' id='line_1_27' title="bbox 673 2877 974 2926; baseline 0 -2"><span class='ocrx_word' id='word_1_228' title='bbox 673 2877 701 2924; x_wconf 90' lang='lat' dir='ltr'>J</span> <span class='ocrx_word' id='word_1_229' title='bbox 706 2894 974 2926; x_wconf 78' lang='lat' dir='ltr'>ocELmth.</span> 
     </span>
    </p>
   </div>
   <div class='ocr_carea' id='block_1_7' title="bbox 510 3013 2453 3332">
    <p class='ocr_par' dir='ltr' id='par_1_8' title="bbox 510 3013 2453 3332">
     <span class='ocr_line' id='line_1_28' title="bbox 558 3013 2450 3062; baseline -0.001 -13"><span class='ocrx_word' id='word_1_230' title='bbox 558 3015 571 3033; x_wconf 62' lang='lat' dir='ltr'>y</span> <span class='ocrx_word' id='word_1_231' title='bbox 593 3015 671 3050; x_wconf 89' lang='lat' dir='ltr'>The</span> <span class='ocrx_word' id='word_1_232' title='bbox 688 3016 842 3051; x_wconf 88' lang='lat' dir='ltr'>miracles</span> <span class='ocrx_word' id='word_1_233' title='bbox 861 3016 929 3051; x_wconf 90' lang='lat' dir='ltr'>end</span> <span class='ocrx_word' id='word_1_234' title='bbox 947 3016 1040 3057; x_wconf 89' lang='lat' dir='ltr'>here,</span> <span class='ocrx_word' id='word_1_235' title='bbox 1060 3016 1130 3050; x_wconf 86' lang='lat' dir='ltr'>and</span> <span class='ocrx_word' id='word_1_236' title='bbox 1146 3016 1207 3050; x_wconf 91' lang='lat' dir='ltr'>the</span> <span class='ocrx_word' id='word_1_237' title='bbox 1224 3017 1395 3051; x_wconf 81' lang='lat' dir='ltr'>narrative</span> <span class='ocrx_word' id='word_1_238' title='bbox 1412 3016 1440 3050; x_wconf 90' lang='lat' dir='ltr'>is</span> <span class='ocrx_word' id='word_1_239' title='bbox 1457 3017 1628 3051; x_wconf 88' lang='lat' dir='ltr'>resumed.</span> <span class='ocrx_word' id='word_1_240' title='bbox 1728 3014 1741 3029; x_wconf 80' lang='lat'>⁸</span> <span class='ocrx_word' id='word_1_241' title='bbox 1763 3017 1914 3057; x_wconf 82' lang='lat' dir='ltr'>Fordun,</span> <span class='ocrx_word' id='word_1_242' title='bbox 1934 3016 1968 3050; x_wconf 89' lang='lat' dir='ltr'>ii.</span> <span class='ocrx_word' id='word_1_243' title='bbox 1988 3016 2046 3054; x_wconf 91' lang='grc'>97.</span> <span class='ocrx_word' id='word_1_244' title='bbox 2101 3016 2117 3050; x_wconf 95' lang='lat'>1</span> <span class='ocrx_word' id='word_1_245' title='bbox 2134 3027 2212 3062; x_wconf 83' lang='lat' dir='ltr'>may</span> <span class='ocrx_word' id='word_1_246' title='bbox 2222 3014 2357 3051; x_wconf 85' lang='lat' dir='ltr'>remark</span> <span class='ocrx_word' id='word_1_247' title='bbox 2372 3013 2450 3049; x_wconf 77' lang='lat' dir='ltr'>that</span> 
     </span>
     <span class='ocr_line' id='line_1_29' title="bbox 518 3069 2448 3119; baseline -0.001 -15"><span class='ocrx_word' id='word_1_248' title='bbox 518 3072 661 3105; x_wconf 82' lang='lat' dir='ltr'>Goodall</span> <span class='ocrx_word' id='word_1_249' title='bbox 685 3071 753 3106; x_wconf 88' lang='lat' dir='ltr'>and</span> <span class='ocrx_word' id='word_1_250' title='bbox 771 3072 892 3106; x_wconf 73' lang='lat' dir='ltr'>Hailes</span> <span class='ocrx_word' id='word_1_251' title='bbox 908 3083 966 3106; x_wconf 86' lang='lat' dir='ltr'>are</span> <span class='ocrx_word' id='word_1_252' title='bbox 983 3072 1176 3106; x_wconf 85' lang='lat' dir='ltr'>somewhat</span> <span class='ocrx_word' id='word_1_253' title='bbox 1192 3072 1228 3107; x_wconf 86' lang='lat' dir='ltr'>in</span> <span class='ocrx_word' id='word_1_254' title='bbox 1245 3072 1355 3106; x_wconf 90' lang='lat' dir='ltr'>doubt</span> <span class='ocrx_word' id='word_1_255' title='bbox 1372 3083 1409 3106; x_wconf 81' lang='lat' dir='ltr'>as</span> <span class='ocrx_word' id='word_1_256' title='bbox 1426 3078 1465 3106; x_wconf 94' lang='lat' dir='ltr'>to</span> <span class='ocrx_word' id='word_1_257' title='bbox 1481 3072 1543 3107; x_wconf 89' lang='lat' dir='ltr'>the</span> <span class='ocrx_word' id='word_1_258' title='bbox 1558 3083 1642 3119; x_wconf 87' lang='lat' dir='ltr'>year</span> <span class='ocrx_word' id='word_1_259' title='bbox 1657 3071 1693 3106; x_wconf 91' lang='lat' dir='ltr'>in</span> <span class='ocrx_word' id='word_1_260' title='bbox 1710 3070 1827 3107; x_wconf 81' lang='lat' dir='ltr'>which</span> <span class='ocrx_word' id='word_1_261' title='bbox 1843 3071 1914 3107; x_wconf 83' lang='lat' dir='ltr'>this</span> <span class='ocrx_word' id='word_1_262' title='bbox 1930 3071 2099 3118; x_wconf 83' lang='lat' dir='ltr'>irruption</span> <span class='ocrx_word' id='word_1_263' title='bbox 2116 3069 2292 3110; x_wconf 78' lang='lat' dir='ltr'>occurred,</span> <span class='ocrx_word' id='word_1_264' title='bbox 2312 3070 2348 3104; x_wconf 89' lang='lat' dir='ltr'>in</span> <span class='ocrx_word' id='word_1_265' title='bbox 2364 3079 2448 3103; x_wconf 90' lang='lat' dir='ltr'>con-</span> 
     </span>
     <span class='ocr_line' id='line_1_30' title="bbox 511 3123 2453 3174; baseline 0 -16"><span class='ocrx_word' id='word_1_266' title='bbox 511 3137 683 3170; x_wconf 89' lang='lat' dir='ltr'>sequence</span> <span class='ocrx_word' id='word_1_267' title='bbox 700 3126 741 3160; x_wconf 82' lang='lat' dir='ltr'>os</span> <span class='ocrx_word' id='word_1_268' title='bbox 751 3127 812 3162; x_wconf 91' lang='lat' dir='ltr'>the</span> <span class='ocrx_word' id='word_1_269' title='bbox 829 3127 955 3162; x_wconf 80' lang='lat' dir='ltr'>former</span> <span class='ocrx_word' id='word_1_270' title='bbox 970 3128 1101 3163; x_wconf 89' lang='lat' dir='ltr'>edition</span> <span class='ocrx_word' id='word_1_271' title='bbox 1118 3127 1160 3163; x_wconf 84' lang='lat' dir='ltr'>of</span> <span class='ocrx_word' id='word_1_272' title='bbox 1169 3127 1239 3163; x_wconf 82' lang='lat' dir='ltr'>this</span> <span class='ocrx_word' id='word_1_273' title='bbox 1260 3127 1444 3163; x_wconf 87' lang='lat' dir='ltr'>Chronicle</span> <span class='ocrx_word' id='word_1_274' title='bbox 1462 3127 1589 3174; x_wconf 82' lang='lat' dir='ltr'>having</span> <span class='ocrx_word' id='word_1_275' title='bbox 1605 3127 1839 3174; x_wconf 79' lang='lat' dir='ltr'>erroneously,</span> <span class='ocrx_word' id='word_1_276' title='bbox 1859 3127 1930 3163; x_wconf 77' lang='lat' dir='ltr'>aud</span> <span class='ocrx_word' id='word_1_277' title='bbox 1945 3133 2108 3173; x_wconf 73' lang='lat' dir='ltr'>contrary</span> <span class='ocrx_word' id='word_1_278' title='bbox 2121 3132 2162 3162; x_wconf 85' lang='lat' dir='ltr'>to</span> <span class='ocrx_word' id='word_1_279' title='bbox 2176 3125 2239 3161; x_wconf 85' lang='lat' dir='ltr'>the</span> <span class='ocrx_word' id='word_1_280' title='bbox 2254 3123 2396 3169; x_wconf 68' lang='lat' dir='ltr'>reading</span> <span class='ocrx_word' id='word_1_281' title='bbox 2411 3123 2453 3158; x_wconf 75' lang='lat' dir='ltr'>of</span> 
     </span>
     <span class='ocr_line' id='line_1_31' title="bbox 510 3179 2447 3228; baseline -0.001 -13"><span class='ocrx_word' id='word_1_282' title='bbox 510 3181 571 3215; x_wconf 88' lang='lat' dir='ltr'>the</span> <span class='ocrx_word' id='word_1_283' title='bbox 588 3183 809 3228; x_wconf 82' lang='lat' dir='ltr'>manuscript,</span> <span class='ocrx_word' id='word_1_284' title='bbox 829 3183 952 3228; x_wconf 88' lang='lat' dir='ltr'>placed</span> <span class='ocrx_word' id='word_1_285' title='bbox 967 3184 994 3218; x_wconf 87' lang='lat' dir='ltr'>it</span> <span class='ocrx_word' id='word_1_286' title='bbox 1007 3185 1042 3219; x_wconf 92' lang='lat' dir='ltr'>in</span> <span class='ocrx_word' id='word_1_287' title='bbox 1062 3186 1164 3219; x_wconf 90' lang='grc'>1262.</span> <span class='ocrx_word' id='word_1_288' title='bbox 1218 3184 1285 3220; x_wconf 89' lang='lat' dir='ltr'>See</span> <span class='ocrx_word' id='word_1_289' title='bbox 1301 3184 1376 3220; x_wconf 87' lang='lat' dir='ltr'>also</span> <span class='ocrx_word' id='word_1_290' title='bbox 1399 3185 1496 3219; x_wconf 81' lang='lat' dir='ltr'>Foed.</span> <span class='ocrx_word' id='word_1_291' title='bbox 1515 3185 1537 3219; x_wconf 91' lang='lat' dir='ltr'>i.</span> <span class='ocrx_word' id='word_1_292' title='bbox 1556 3186 1638 3226; x_wconf 81' lang='lat'>422,</span> <span class='ocrx_word' id='word_1_293' title='bbox 1658 3186 1740 3225; x_wconf 87' lang='grc'>429,</span> <span class='ocrx_word' id='word_1_294' title='bbox 1761 3184 1831 3220; x_wconf 86' lang='lat' dir='ltr'>and</span> <span class='ocrx_word' id='word_1_295' title='bbox 1849 3183 1912 3219; x_wconf 89' lang='lat' dir='ltr'>the</span> <span class='ocrx_word' id='word_1_296' title='bbox 1931 3183 2082 3219; x_wconf 81' lang='lat' dir='ltr'>Islandic</span> <span class='ocrx_word' id='word_1_297' title='bbox 2093 3186 2244 3218; x_wconf 76' lang='lat' dir='ltr'>account</span> <span class='ocrx_word' id='word_1_298' title='bbox 2259 3179 2447 3228; x_wconf 83' lang='lat' dir='ltr'>published</span> 
     </span>
     <span class='ocr_line' id='line_1_32' title="bbox 511 3235 2446 3285; baseline 0 -15"><span class='ocrx_word' id='word_1_299' title='bbox 511 3242 547 3270; x_wconf 87' lang='lat' dir='ltr'>at</span> <span class='ocrx_word' id='word_1_300' title='bbox 567 3236 801 3282; x_wconf 80' lang='lat' dir='ltr'>copenhagen</span> <span class='ocrx_word' id='word_1_301' title='bbox 817 3239 863 3284; x_wconf 92' lang='lat' dir='ltr'>by</span> <span class='ocrx_word' id='word_1_302' title='bbox 874 3238 935 3273; x_wconf 90' lang='lat' dir='ltr'>the</span> <span class='ocrx_word' id='word_1_303' title='bbox 954 3241 1038 3274; x_wconf 84' lang='lat' dir='ltr'>Rev.</span> <span class='ocrx_word' id='word_1_304' title='bbox 1056 3240 1171 3274; x_wconf 75' lang='lat' dir='ltr'>James</span> <span class='ocrx_word' id='word_1_305' title='bbox 1185 3240 1378 3281; x_wconf 73' lang='lat' dir='ltr'>Johmtone,</span> <span class='ocrx_word' id='word_1_306' title='bbox 1402 3241 1504 3277; x_wconf 87' lang='grc'>1782.</span> <span class='ocrx_word' id='word_1_307' title='bbox 1664 3241 1744 3285; x_wconf 83' lang='lat'><strong>(43)</strong></span> <span class='ocrx_word' id='word_1_308' title='bbox 1762 3238 1778 3254; x_wconf 81' lang='lat'>⁸</span> <span class='ocrx_word' id='word_1_309' title='bbox 1798 3240 1951 3281; x_wconf 70' lang='lat' dir='ltr'>For-dum,</span> <span class='ocrx_word' id='word_1_310' title='bbox 1966 3238 2002 3274; x_wconf 83' lang='lat' dir='ltr'>ii.</span> <span class='ocrx_word' id='word_1_311' title='bbox 2024 3240 2102 3279; x_wconf 90' lang='lat'><strong>101,</strong></span> <span class='ocrx_word' id='word_1_312' title='bbox 2121 3236 2238 3283; x_wconf 76' lang='lat' dir='ltr'>places</span> <span class='ocrx_word' id='word_1_313' title='bbox 2254 3235 2324 3271; x_wconf 83' lang='lat' dir='ltr'>this</span> <span class='ocrx_word' id='word_1_314' title='bbox 2341 3242 2446 3270; x_wconf 85' lang='lat' dir='ltr'>event</span> 
     </span>
     <span class='ocr_line' id='line_1_33' title="bbox 511 3291 1119 3332; baseline 0.005 -7"><span class='ocrx_word' id='word_1_315' title='bbox 511 3291 546 3325; x_wconf 90' lang='lat' dir='ltr'>in</span> <span class='ocrx_word' id='word_1_316' title='bbox 566 3293 672 3332; x_wconf 80' lang='lat' dir='ltr'>l264;</span> <span class='ocrx_word' id='word_1_317' title='bbox 698 3293 726 3328; x_wconf 93' lang='lat' dir='ltr'>it</span> <span class='ocrx_word' id='word_1_318' title='bbox 742 3294 907 3329; x_wconf 86' lang='lat' dir='ltr'>occurred</span> <span class='ocrx_word' id='word_1_319' title='bbox 923 3294 958 3328; x_wconf 91' lang='lat' dir='ltr'>in</span> <span class='ocrx_word' id='word_1_320' title='bbox 978 3297 1119 3330; x_wconf 81' lang='lat'>1263-4.</span> 
     </span>
    </p>
   </div>
   <div class='ocr_carea' id='block_1_8' title="bbox 2787 0 2904 3886">
    <p class='ocr_par' dir='ltr' id='par_1_9' title="bbox 2787 0 2904 3886">
     <span class='ocr_line' id='line_1_34' title="bbox 2787 0 2904 3886; baseline 0 0"><span class='ocrx_word' id='word_1_321' title='bbox 2787 0 2904 3886; x_wconf 95' lang='lat' dir='ltr'> </span> 
     </span>
    </p>
   </div>
  </div>
 </body>
</html>
