<?xml version="1.0" encoding="UTF-8"?>
<!DOCTYPE html PUBLIC "-//W3C//DTD XHTML 1.0 Transitional//EN"
    "http://www.w3.org/TR/xhtml1/DTD/xhtml1-transitional.dtd">
<html xmlns="http://www.w3.org/1999/xhtml" xml:lang="en" lang="en">
 <head>
  <title>
</title>
<meta http-equiv="Content-Type" content="text/html;charset=utf-8" />
  <meta name='ocr-system' content='tesseract 3.04.00' />
  <meta name='ocr-capabilities' content='ocr_page ocr_carea ocr_par ocr_line ocrx_word'/>
</head>
<body>
  <div class='ocr_page' id='page_1' title='image "./chronicdemailros00melruoft_0241.png"; bbox 0 0 2904 3886; ppageno 0'>
   <div class='ocr_carea' id='block_1_1' title="bbox 0 2379 85 3886">
    <p class='ocr_par' dir='ltr' id='par_1_1' title="bbox 0 2379 85 3886">
     <span class='ocr_line' id='line_1_1' title="bbox 0 2379 85 3886; baseline 0 0"><span class='ocrx_word' id='word_1_1' title='bbox 0 2379 85 3886; x_wconf 95' lang='lat' dir='ltr'><strong> </strong></span> 
     </span>
    </p>
   </div>
   <div class='ocr_carea' id='block_1_2' title="bbox 174 2096 313 2133">
    <p class='ocr_par' dir='ltr' id='par_1_2' title="bbox 174 2096 313 2133">
     <span class='ocr_line' id='line_1_2' title="bbox 174 2096 313 2133; baseline 0.007 -2"><span class='ocrx_word' id='word_1_2' title='bbox 174 2096 235 2133; x_wconf 73' lang='lat' dir='ltr'><strong>sol.</strong></span> <span class='ocrx_word' id='word_1_3' title='bbox 256 2100 313 2132; x_wconf 88' lang='lat'><strong>66.</strong></span> 
     </span>
    </p>
   </div>
   <div class='ocr_carea' id='block_1_3' title="bbox 404 511 2340 573">
    <p class='ocr_par' dir='ltr' id='par_1_3' title="bbox 404 511 2340 573">
     <span class='ocr_line' id='line_1_3' title="bbox 404 511 2340 573; baseline 0.001 -5"><span class='ocrx_word' id='word_1_4' title='bbox 404 513 710 569; x_wconf 75' lang='lat' dir='ltr'><strong>A.D.·1268‘.</strong></span> <span class='ocrx_word' id='word_1_5' title='bbox 866 511 1293 567; x_wconf 86' lang='lat' dir='ltr'><strong>CHRONICA</strong></span> <span class='ocrx_word' id='word_1_6' title='bbox 1337 517 1439 567; x_wconf 93' lang='lat' dir='ltr'><strong>DE</strong></span> <span class='ocrx_word' id='word_1_7' title='bbox 1473 511 1876 567; x_wconf 84' lang='lat' dir='ltr'><strong>&#39;MAILROs.</strong></span> <span class='ocrx_word' id='word_1_8' title='bbox 2250 523 2340 573; x_wconf 86' lang='lat'><strong>199</strong></span> 
     </span>
    </p>
   </div>
   <div class='ocr_carea' id='block_1_4' title="bbox 391 655 2337 3351">
    <p class='ocr_par' dir='ltr' id='par_1_4' title="bbox 391 655 2337 3351">
     <span class='ocr_line' id='line_1_4' title="bbox 399 655 2337 726; baseline -0.001 -18"><span class='ocrx_word' id='word_1_9' title='bbox 399 659 507 709; x_wconf 89' lang='lat' dir='ltr'><strong>ideo</strong></span> <span class='ocrx_word' id='word_1_10' title='bbox 531 659 744 708; x_wconf 86' lang='lat' dir='ltr'><strong>exierunt</strong></span> <span class='ocrx_word' id='word_1_11' title='bbox 762 659 822 708; x_wconf 88' lang='lat' dir='ltr'><strong>de</strong></span> <span class='ocrx_word' id='word_1_12' title='bbox 846 659 1053 716; x_wconf 87' lang='lat' dir='ltr'><strong>caste110,</strong></span> <span class='ocrx_word' id='word_1_13' title='bbox 1072 668 1123 708; x_wconf 89' lang='lat' dir='ltr'><strong>ut</strong></span> <span class='ocrx_word' id='word_1_14' title='bbox 1147 659 1395 726; x_wconf 87' lang='lat' dir='ltr'>postquam</span> <span class='ocrx_word' id='word_1_15' title='bbox 1418 657 1710 708; x_wconf 79' lang='lat' dir='ltr'><strong>surrexissent</strong></span> <span class='ocrx_word' id='word_1_16' title='bbox 1732 674 1873 707; x_wconf 88' lang='lat' dir='ltr'><strong>mane</strong></span> <span class='ocrx_word' id='word_1_17' title='bbox 1892 655 2098 707; x_wconf 79' lang='lat' dir='ltr'><strong>diluculo</strong></span> <span class='ocrx_word' id='word_1_18' title='bbox 2117 658 2176 706; x_wconf 93' lang='lat' dir='ltr'><strong>de</strong></span> <span class='ocrx_word' id='word_1_19' title='bbox 2199 658 2337 708; x_wconf 64' lang='lat' dir='ltr'><strong>lectis</strong></span> 
     </span>
     <span class='ocr_line' id='line_1_5' title="bbox 399 734 2336 805; baseline -0.001 -18"><span class='ocrx_word' id='word_1_20' title='bbox 399 739 491 788; x_wconf 85' lang='lat' dir='ltr'><strong>suis</strong></span> <span class='ocrx_word' id='word_1_21' title='bbox 514 738 636 788; x_wconf 93' lang='lat' dir='ltr'><strong>bene</strong></span> <span class='ocrx_word' id='word_1_22' title='bbox 662 735 884 796; x_wconf 83' lang='lat' dir='ltr'><strong>balneati,</strong></span> <span class='ocrx_word' id='word_1_23' title='bbox 909 747 1100 805; x_wconf 89' lang='lat' dir='ltr'><strong>propter</strong></span> <span class='ocrx_word' id='word_1_24' title='bbox 1123 738 1416 788; x_wconf 89' lang='lat' dir='ltr'><strong>balneandos</strong></span> <span class='ocrx_word' id='word_1_25' title='bbox 1439 738 1567 787; x_wconf 91' lang='lat' dir='ltr'><strong>enim</strong></span> <span class='ocrx_word' id='word_1_26' title='bbox 1591 739 1638 787; x_wconf 88' lang='lat' dir='ltr'><strong>se</strong></span> <span class='ocrx_word' id='word_1_27' title='bbox 1662 736 1909 805; x_wconf 88' lang='lat' dir='ltr'><strong>elegerunt</strong></span> <span class='ocrx_word' id='word_1_28' title='bbox 1933 734 2075 794; x_wconf 86' lang='lat' dir='ltr'><strong>exire,</strong></span> <span class='ocrx_word' id='word_1_29' title='bbox 2100 745 2152 786; x_wconf 90' lang='lat' dir='ltr'><strong>ut</strong></span> <span class='ocrx_word' id='word_1_30' title='bbox 2176 735 2336 786; x_wconf 86' lang='lat' dir='ltr'><strong>balne-</strong></span> 
     </span>
     <span class='ocr_line' id='line_1_6' title="bbox 399 813 2336 884; baseline -0.001 -18"><span class='ocrx_word' id='word_1_31' title='bbox 399 834 533 867; x_wconf 88' lang='lat' dir='ltr'><strong>arum</strong></span> <span class='ocrx_word' id='word_1_32' title='bbox 556 818 710 884; x_wconf 89' lang='lat' dir='ltr'><strong>gratia</strong></span> <span class='ocrx_word' id='word_1_33' title='bbox 732 818 931 868; x_wconf 90' lang='lat' dir='ltr'><strong>leviores</strong></span> <span class='ocrx_word' id='word_1_34' title='bbox 950 813 1249 867; x_wconf 64' lang='lat' dir='ltr'><strong>‘efficerentur</strong></span> <span class='ocrx_word' id='word_1_35' title='bbox 1281 817 1343 867; x_wconf 87' lang='lat' dir='ltr'><strong>ad</strong></span> <span class='ocrx_word' id='word_1_36' title='bbox 1366 816 1639 867; x_wconf 92' lang='lat' dir='ltr'><strong>bellandum</strong></span> <span class='ocrx_word' id='word_1_37' title='bbox 1662 817 1739 867; x_wconf 84' lang='lat' dir='ltr'><strong>die</strong></span> <span class='ocrx_word' id='word_1_38' title='bbox 1763 817 1970 884; x_wconf 84' lang='lat' dir='ltr'><strong>postera3</strong></span> <span class='ocrx_word' id='word_1_39' title='bbox 2005 818 2053 866; x_wconf 94' lang='lat' dir='ltr'><strong>in</strong></span> <span class='ocrx_word' id='word_1_40' title='bbox 2077 817 2187 866; x_wconf 91' lang='lat' dir='ltr'><strong>villa</strong></span> <span class='ocrx_word' id='word_1_41' title='bbox 2210 817 2336 866; x_wconf 91' lang='lat' dir='ltr'><strong>enim</strong></span> 
     </span>
     <span class='ocr_line' id='line_1_7' title="bbox 397 893 2337 963; baseline -0.001 -17"><span class='ocrx_word' id='word_1_42' title='bbox 397 905 652 963; x_wconf 90' lang='lat' dir='ltr'><strong>potuerunt</strong></span> <span class='ocrx_word' id='word_1_43' title='bbox 681 898 858 954; x_wconf 84' lang='lat' dir='ltr'><strong>habere</strong></span> <span class='ocrx_word' id='word_1_44' title='bbox 882 893 1096 947; x_wconf 86' lang='lat' dir='ltr'><strong>vasorum</strong></span> <span class='ocrx_word' id='word_1_45' title='bbox 1128 898 1315 963; x_wconf 89' lang='lat' dir='ltr'><strong>copiam</strong></span> <span class='ocrx_word' id='word_1_46' title='bbox 1347 897 1410 946; x_wconf 87' lang='lat' dir='ltr'><strong>ad</strong></span> <span class='ocrx_word' id='word_1_47' title='bbox 1440 897 1760 946; x_wconf 87' lang='lat' dir='ltr'><strong>balneandum</strong></span> <span class='ocrx_word' id='word_1_48' title='bbox 1791 898 1853 954; x_wconf 89' lang='lat' dir='ltr'><strong>se,</strong></span> <span class='ocrx_word' id='word_1_49' title='bbox 1879 914 2023 963; x_wconf 88' lang='lat' dir='ltr'><strong>quam</strong></span> <span class='ocrx_word' id='word_1_50' title='bbox 2047 898 2211 963; x_wconf 90' lang='lat' dir='ltr'><strong>utique</strong></span> <span class='ocrx_word' id='word_1_51' title='bbox 2241 904 2337 945; x_wconf 87' lang='lat' dir='ltr'><strong>&#39;non</strong></span> 
     </span>
     <span class='ocr_line' id='line_1_8' title="bbox 398 976 2336 1043; baseline 0 -18"><span class='ocrx_word' id='word_1_52' title='bbox 398 977 520 1026; x_wconf 91' lang='lat' dir='ltr'><strong>bene</strong></span> <span class='ocrx_word' id='word_1_53' title='bbox 543 984 798 1043; x_wconf 88' lang='lat' dir='ltr'><strong>potuerunt</strong></span> <span class='ocrx_word' id='word_1_54' title='bbox 826 977 1003 1026; x_wconf 90' lang='lat' dir='ltr'><strong>habere</strong></span> <span class='ocrx_word' id='word_1_55' title='bbox 1034 978 1082 1025; x_wconf 93' lang='lat' dir='ltr'><strong>in</strong></span> <span class='ocrx_word' id='word_1_56' title='bbox 1107 977 1314 1026; x_wconf 87' lang='lat' dir='ltr'><strong>castello.</strong></span> <span class='ocrx_word' id='word_1_57' title='bbox 1385 976 1449 1024; x_wconf 91' lang='lat' dir='ltr'><strong>Et</strong></span> <span class='ocrx_word' id='word_1_58' title='bbox 1479 976 1569 1025; x_wconf 87' lang='lat' dir='ltr'><strong>hec</strong></span> <span class='ocrx_word' id='word_1_59' title='bbox 1600 976 1688 1025; x_wconf 90' lang='lat' dir='ltr'><strong>fuit</strong></span> <span class='ocrx_word' id='word_1_60' title='bbox 1718 977 1838 1025; x_wconf 89' lang='lat' dir='ltr'><strong>ratio</strong></span> <span class='ocrx_word' id='word_1_61' title='bbox 1874 978 2026 1025; x_wconf 87' lang='lat' dir='ltr'><strong>exitus</strong></span> <span class='ocrx_word' id='word_1_62' title='bbox 2057 976 2241 1026; x_wconf 91' lang='lat' dir='ltr'><strong>illorum</strong></span> <span class='ocrx_word' id='word_1_63' title='bbox 2276 976 2336 1025; x_wconf 90' lang='lat' dir='ltr'><strong>de</strong></span> 
     </span>
     <span class='ocr_line' id='line_1_9' title="bbox 397 1055 2336 1122; baseline 0.001 -17"><span class='ocrx_word' id='word_1_64' title='bbox 397 1056 635 1105; x_wconf 85' lang='lat' dir='ltr'><strong>fortiffimo</strong></span> <span class='ocrx_word' id='word_1_65' title='bbox 661 1057 865 1106; x_wconf 87' lang='lat' dir='ltr'>Simonis</span> <span class='ocrx_word' id='word_1_66' title='bbox 887 1057 1203 1112; x_wconf 91' lang='lat' dir='ltr'><strong>munimento;</strong></span> <span class='ocrx_word' id='word_1_67' title='bbox 1241 1071 1441 1121; x_wconf 90' lang='lat' dir='ltr'><strong>quorum</strong></span> <span class='ocrx_word' id='word_1_68' title='bbox 1466 1055 1644 1104; x_wconf 87' lang='lat' dir='ltr'><strong>exitum</strong></span> <span class='ocrx_word' id='word_1_69' title='bbox 1667 1055 1781 1103; x_wconf 88' lang='lat' dir='ltr'><strong>dum</strong></span> <span class='ocrx_word' id='word_1_70' title='bbox 1810 1056 1944 1104; x_wconf 91' lang='lat' dir='ltr'><strong>miles</strong></span> <span class='ocrx_word' id='word_1_71' title='bbox 1967 1057 2208 1121; x_wconf 59' lang='lat' dir='ltr'><strong>predififfls</strong></span> <span class='ocrx_word' id='word_1_72' title='bbox 2232 1074 2336 1122; x_wconf 91' lang='lat' dir='ltr'><strong>pro-</strong></span> 
     </span>
     <span class='ocr_line' id='line_1_10' title="bbox 397 1133 2332 1201; baseline -0.001 -17"><span class='ocrx_word' id='word_1_73' title='bbox 397 1136 528 1184; x_wconf 83' lang='lat' dir='ltr'><strong>deret</strong></span> <span class='ocrx_word' id='word_1_74' title='bbox 554 1135 804 1191; x_wconf 87' lang='lat' dir='ltr'><strong>Edwardo,</strong></span> <span class='ocrx_word' id='word_1_75' title='bbox 829 1136 1119 1183; x_wconf 86' lang='lat' dir='ltr'><strong>mentionem</strong></span> <span class='ocrx_word' id='word_1_76' title='bbox 1143 1135 1257 1183; x_wconf 89' lang='lat' dir='ltr'><strong>fecit</strong></span> <span class='ocrx_word' id='word_1_77' title='bbox 1281 1135 1324 1183; x_wconf 93' lang='lat' dir='ltr'><strong>ei</strong></span> <span class='ocrx_word' id='word_1_78' title='bbox 1349 1133 1409 1183; x_wconf 93' lang='lat' dir='ltr'><strong>de</strong></span> <span class='ocrx_word' id='word_1_79' title='bbox 1433 1133 1614 1183; x_wconf 87' lang='lat' dir='ltr'><strong>balneis</strong></span> <span class='ocrx_word' id='word_1_80' title='bbox 1639 1135 1896 1183; x_wconf 87' lang='lat' dir='ltr'><strong>eorundem</strong></span> <span class='ocrx_word' id='word_1_81' title='bbox 1924 1136 1971 1183; x_wconf 92' lang='lat' dir='ltr'><strong>in</strong></span> <span class='ocrx_word' id='word_1_82' title='bbox 1996 1136 2105 1183; x_wconf 89' lang='lat' dir='ltr'><strong>villa</strong></span> <span class='ocrx_word' id='word_1_83' title='bbox 2128 1136 2332 1201; x_wconf 89' lang='lat' dir='ltr'><strong>provifis.</strong></span> 
     </span>
     <span class='ocr_line' id='line_1_11' title="bbox 398 1209 2334 1280; baseline 0 -18"><span class='ocrx_word' id='word_1_84' title='bbox 398 1214 564 1263; x_wconf 87' lang='lat' dir='ltr'><strong>Media</strong></span> <span class='ocrx_word' id='word_1_85' title='bbox 598 1215 741 1280; x_wconf 88' lang='lat' dir='ltr'><strong>igitur</strong></span> <span class='ocrx_word' id='word_1_86' title='bbox 773 1214 918 1263; x_wconf 63' lang='lat' dir='ltr'><strong>nocte</strong></span> <span class='ocrx_word' id='word_1_87' title='bbox 953 1214 1130 1263; x_wconf 86' lang='lat' dir='ltr'><strong>clamor</strong></span> <span class='ocrx_word' id='word_1_88' title='bbox 1164 1209 1477 1263; x_wconf 74' lang='lat' dir='ltr'><strong>validissimus</strong></span> <span class='ocrx_word' id='word_1_89' title='bbox 1497 1230 1582 1279; x_wconf 91' lang='lat' dir='ltr'><strong>per</strong></span> <span class='ocrx_word' id='word_1_90' title='bbox 1612 1221 1762 1262; x_wconf 90' lang='lat' dir='ltr'><strong>totam</strong></span> <span class='ocrx_word' id='word_1_91' title='bbox 1793 1213 1951 1262; x_wconf 90' lang='lat' dir='ltr'><strong>villam</strong></span> <span class='ocrx_word' id='word_1_92' title='bbox 1982 1215 2140 1263; x_wconf 65' lang='lat' dir='ltr'><strong>factus</strong></span> <span class='ocrx_word' id='word_1_93' title='bbox 2175 1215 2242 1263; x_wconf 90' lang='lat' dir='ltr'><strong>est</strong></span> <span class='ocrx_word' id='word_1_94' title='bbox 2274 1215 2334 1263; x_wconf 87' lang='lat' dir='ltr'><strong>ab</strong></span> 
     </span>
     <span class='ocr_line' id='line_1_12' title="bbox 395 1284 2335 1359; baseline 0 -17"><span class='ocrx_word' id='word_1_95' title='bbox 395 1284 738 1342; x_wconf 70' lang='lat' dir='ltr'><strong>introeuntibus</strong></span> <span class='ocrx_word' id='word_1_96' title='bbox 779 1294 969 1342; x_wconf 85' lang='lat' dir='ltr'><strong>armatis</strong></span> <span class='ocrx_word' id='word_1_97' title='bbox 1008 1287 1228 1343; x_wconf 70' lang='lat' dir='ltr'><strong>Edeardi</strong></span> <span class='ocrx_word' id='word_1_98' title='bbox 1269 1295 1407 1358; x_wconf 88' lang='lat' dir='ltr'><strong>supra</strong></span> <span class='ocrx_word' id='word_1_99' title='bbox 1444 1293 1729 1342; x_wconf 86' lang='lat' dir='ltr'><strong>dormientes</strong></span> <span class='ocrx_word' id='word_1_100' title='bbox 1773 1294 2000 1350; x_wconf 90' lang='lat' dir='ltr'><strong>Simonis;</strong></span> <span class='ocrx_word' id='word_1_101' title='bbox 2047 1311 2189 1359; x_wconf 90' lang='lat' dir='ltr'><strong>quem</strong></span> <span class='ocrx_word' id='word_1_102' title='bbox 2227 1311 2335 1343; x_wconf 87' lang='lat' dir='ltr'><strong>cum</strong></span> 
     </span>
     <span class='ocr_line' id='line_1_13' title="bbox 394 1372 2335 1439; baseline 0 -17"><span class='ocrx_word' id='word_1_103' title='bbox 394 1373 638 1429; x_wconf 75' lang='lat' dir='ltr'><strong>audissent,</strong></span> <span class='ocrx_word' id='word_1_104' title='bbox 664 1390 722 1422; x_wconf 87' lang='lat' dir='ltr'><strong>ex</strong></span> <span class='ocrx_word' id='word_1_105' title='bbox 747 1374 952 1422; x_wconf 90' lang='lat' dir='ltr'><strong>clamore</strong></span> <span class='ocrx_word' id='word_1_106' title='bbox 980 1373 1174 1422; x_wconf 87' lang='lat' dir='ltr'><strong>terribili</strong></span> <span class='ocrx_word' id='word_1_107' title='bbox 1206 1374 1342 1439; x_wconf 89' lang='lat' dir='ltr'><strong>super</strong></span> <span class='ocrx_word' id='word_1_108' title='bbox 1367 1372 1561 1421; x_wconf 91' lang='lat' dir='ltr'><strong>modum</strong></span> <span class='ocrx_word' id='word_1_109' title='bbox 1592 1373 1850 1439; x_wconf 66' lang='lat' dir='ltr'><strong>pavefacti,</strong></span> <span class='ocrx_word' id='word_1_110' title='bbox 1875 1373 2094 1422; x_wconf 89' lang='lat' dir='ltr'><strong>nimirum</strong></span> <span class='ocrx_word' id='word_1_111' title='bbox 2125 1375 2263 1422; x_wconf 88' lang='lat' dir='ltr'><strong>timor</strong></span> <span class='ocrx_word' id='word_1_112' title='bbox 2288 1383 2335 1422; x_wconf 88' lang='lat' dir='ltr'><strong>et</strong></span> 
     </span>
     <span class='ocr_line' id='line_1_14' title="bbox 391 1453 2335 1519; baseline -0.001 -18"><span class='ocrx_word' id='word_1_113' title='bbox 391 1461 579 1510; x_wconf 91' lang='lat' dir='ltr'><strong>tremor,</strong></span> <span class='ocrx_word' id='word_1_114' title='bbox 603 1454 807 1502; x_wconf 87' lang='lat' dir='ltr'><strong>formido</strong></span> <span class='ocrx_word' id='word_1_115' title='bbox 833 1460 881 1501; x_wconf 88' lang='lat' dir='ltr'><strong>et</strong></span> <span class='ocrx_word' id='word_1_116' title='bbox 904 1470 1050 1518; x_wconf 89' lang='lat' dir='ltr'><strong>pavor</strong></span> <span class='ocrx_word' id='word_1_117' title='bbox 1074 1453 1205 1501; x_wconf 89' lang='lat' dir='ltr'><strong>irruit</strong></span> <span class='ocrx_word' id='word_1_118' title='bbox 1228 1454 1364 1518; x_wconf 88' lang='lat' dir='ltr'><strong>super</strong></span> <span class='ocrx_word' id='word_1_119' title='bbox 1388 1470 1471 1502; x_wconf 91' lang='lat' dir='ltr'><strong>eos</strong></span> <span class='ocrx_word' id='word_1_120' title='bbox 1496 1453 1742 1502; x_wconf 81' lang='lat' dir='ltr'><strong>audientes</strong></span> <span class='ocrx_word' id='word_1_121' title='bbox 1766 1453 2009 1518; x_wconf 91' lang='lat' dir='ltr'><strong>strepitum</strong></span> <span class='ocrx_word' id='word_1_122' title='bbox 2034 1470 2263 1519; x_wconf 90' lang='lat' dir='ltr'><strong>equorum</strong></span> <span class='ocrx_word' id='word_1_123' title='bbox 2288 1462 2335 1502; x_wconf 89' lang='lat' dir='ltr'><strong>et</strong></span> 
     </span>
     <span class='ocr_line' id='line_1_15' title="bbox 394 1532 2334 1599; baseline -0.001 -17"><span class='ocrx_word' id='word_1_124' title='bbox 394 1541 679 1582; x_wconf 88' lang='lat' dir='ltr'><strong>armatorum</strong></span> <span class='ocrx_word' id='word_1_125' title='bbox 707 1533 973 1581; x_wconf 85' lang='lat' dir='ltr'><strong>terribiliter</strong></span> <span class='ocrx_word' id='word_1_126' title='bbox 1005 1532 1250 1581; x_wconf 88' lang='lat' dir='ltr'><strong>adversum</strong></span> <span class='ocrx_word' id='word_1_127' title='bbox 1285 1533 1332 1581; x_wconf 92' lang='lat' dir='ltr'><strong>se</strong></span> <span class='ocrx_word' id='word_1_128' title='bbox 1365 1533 1670 1581; x_wconf 83' lang='lat' dir='ltr'><strong>clamantium</strong></span> <span class='ocrx_word' id='word_1_129' title='bbox 1703 1539 1752 1580; x_wconf 93' lang='lat' dir='ltr'><strong>et</strong></span> <span class='ocrx_word' id='word_1_130' title='bbox 1784 1532 2057 1588; x_wconf 87' lang='lat' dir='ltr'><strong>dicentium,</strong></span> <span class='ocrx_word' id='word_1_131' title='bbox 2095 1542 2124 1562; x_wconf 80' lang='lat'><strong>‘⁶</strong></span> <span class='ocrx_word' id='word_1_132' title='bbox 2144 1534 2334 1599; x_wconf 90' lang='lat' dir='ltr'><strong>surgite,</strong></span> 
     </span>
     <span class='ocr_line' id='line_1_16' title="bbox 394 1611 2334 1679; baseline 0.001 -18"><span class='ocrx_word' id='word_1_133' title='bbox 394 1614 584 1679; x_wconf 89' lang='lat' dir='ltr'><strong>surgite,</strong></span> <span class='ocrx_word' id='word_1_134' title='bbox 603 1612 897 1678; x_wconf 86' lang='lat' dir='ltr'><strong>egredimini,</strong></span> <span class='ocrx_word' id='word_1_135' title='bbox 917 1612 1194 1677; x_wconf 87' lang='lat' dir='ltr'><strong>egredimini</strong></span> <span class='ocrx_word' id='word_1_136' title='bbox 1219 1612 1279 1660; x_wconf 94' lang='lat' dir='ltr'><strong>de</strong></span> <span class='ocrx_word' id='word_1_137' title='bbox 1302 1611 1440 1661; x_wconf 68' lang='lat' dir='ltr'><strong>lec&#39;cis</strong></span> <span class='ocrx_word' id='word_1_138' title='bbox 1458 1612 1633 1668; x_wconf 89' lang='lat' dir='ltr'><strong>vestris,</strong></span> <span class='ocrx_word' id='word_1_139' title='bbox 1654 1619 1701 1660; x_wconf 87' lang='lat' dir='ltr'><strong>et</strong></span> <span class='ocrx_word' id='word_1_140' title='bbox 1724 1612 1881 1660; x_wconf 89' lang='lat' dir='ltr'><strong>venite</strong></span> <span class='ocrx_word' id='word_1_141' title='bbox 1906 1613 2032 1661; x_wconf 87' lang='lat' dir='ltr'><strong>foras</strong></span> <span class='ocrx_word' id='word_1_142' title='bbox 2057 1613 2334 1678; x_wconf 87' lang='lat' dir='ltr'><strong>proditores,</strong></span> 
     </span>
     <span class='ocr_line' id='line_1_17' title="bbox 399 1691 2335 1759; baseline -0.001 -17"><span class='ocrx_word' id='word_1_143' title='bbox 399 1692 605 1742; x_wconf 89' lang='lat' dir='ltr'><strong>Simonis</strong></span> <span class='ocrx_word' id='word_1_144' title='bbox 623 1692 867 1741; x_wconf 88' lang='lat' dir='ltr'><strong>inveterati</strong></span> <span class='ocrx_word' id='word_1_145' title='bbox 885 1691 1062 1757; x_wconf 89' lang='lat' dir='ltr'><strong>peffimi</strong></span> <span class='ocrx_word' id='word_1_146' title='bbox 1080 1691 1329 1757; x_wconf 92' lang='lat' dir='ltr'><strong>proditoris</strong></span> <span class='ocrx_word' id='word_1_147' title='bbox 1346 1692 1614 1740; x_wconf 90' lang='lat' dir='ltr'><strong>servientes.</strong></span> <span class='ocrx_word' id='word_1_148' title='bbox 1666 1691 1894 1747; x_wconf 90' lang='lat' dir='ltr'><strong>Mortui,”</strong></span> <span class='ocrx_word' id='word_1_149' title='bbox 1921 1693 2154 1759; x_wconf 86' lang='lat' dir='ltr'><strong>inquiunt,</strong></span> <span class='ocrx_word' id='word_1_150' title='bbox 2181 1702 2209 1721; x_wconf 79' lang='lat'><strong>‘⁶</strong></span> <span class='ocrx_word' id='word_1_151' title='bbox 2227 1693 2335 1741; x_wconf 90' lang='lat' dir='ltr'><strong>estis</strong></span> 
     </span>
     <span class='ocr_line' id='line_1_18' title="bbox 394 1771 2334 1839; baseline 0.001 -19"><span class='ocrx_word' id='word_1_152' title='bbox 394 1788 557 1821; x_wconf 93' lang='lat' dir='ltr'><strong>omnes</strong></span> <span class='ocrx_word' id='word_1_153' title='bbox 581 1788 664 1836; x_wconf 92' lang='lat' dir='ltr'><strong>per</strong></span> <span class='ocrx_word' id='word_1_154' title='bbox 694 1779 894 1820; x_wconf 90' lang='lat' dir='ltr'><strong>mortem</strong></span> <span class='ocrx_word' id='word_1_155' title='bbox 921 1771 1073 1819; x_wconf 87' lang='lat' dir='ltr'><strong>Dei!”</strong></span> <span class='ocrx_word' id='word_1_156' title='bbox 1150 1771 1410 1836; x_wconf 89' lang='lat' dir='ltr'><strong>Surgentes</strong></span> <span class='ocrx_word' id='word_1_157' title='bbox 1439 1788 1554 1837; x_wconf 90' lang='lat' dir='ltr'><strong>ergo</strong></span> <span class='ocrx_word' id='word_1_158' title='bbox 1578 1772 1731 1820; x_wconf 91' lang='lat' dir='ltr'><strong>miseri</strong></span> <span class='ocrx_word' id='word_1_159' title='bbox 1762 1771 1885 1820; x_wconf 89' lang='lat' dir='ltr'><strong>male</strong></span> <span class='ocrx_word' id='word_1_160' title='bbox 1914 1772 2085 1837; x_wconf 92' lang='lat' dir='ltr'><strong>proditi</strong></span> <span class='ocrx_word' id='word_1_161' title='bbox 2109 1774 2334 1839; x_wconf 87' lang='lat' dir='ltr'><strong>fugerunt</strong></span> 
     </span>
     <span class='ocr_line' id='line_1_19' title="bbox 393 1850 2333 1917; baseline 0 -17"><span class='ocrx_word' id='word_1_162' title='bbox 393 1868 557 1901; x_wconf 91' lang='lat' dir='ltr'><strong>omnes</strong></span> <span class='ocrx_word' id='word_1_163' title='bbox 580 1868 663 1917; x_wconf 89' lang='lat' dir='ltr'><strong>per</strong></span> <span class='ocrx_word' id='word_1_164' title='bbox 687 1858 809 1900; x_wconf 88' lang='lat' dir='ltr'><strong>retro</strong></span> <span class='ocrx_word' id='word_1_165' title='bbox 835 1850 1099 1906; x_wconf 91' lang='lat' dir='ltr'><strong>domorum,</strong></span> <span class='ocrx_word' id='word_1_166' title='bbox 1126 1850 1506 1916; x_wconf 89' lang='lat' dir='ltr'><strong>derelinquentes</strong></span> <span class='ocrx_word' id='word_1_167' title='bbox 1530 1850 1633 1916; x_wconf 93' lang='lat' dir='ltr'><strong>post</strong></span> <span class='ocrx_word' id='word_1_168' title='bbox 1657 1852 1703 1899; x_wconf 91' lang='lat' dir='ltr'><strong>se</strong></span> <span class='ocrx_word' id='word_1_169' title='bbox 1729 1867 1877 1916; x_wconf 93' lang='lat' dir='ltr'><strong>equos</strong></span> <span class='ocrx_word' id='word_1_170' title='bbox 1900 1853 2021 1907; x_wconf 90' lang='lat' dir='ltr'><strong>suos,</strong></span> <span class='ocrx_word' id='word_1_171' title='bbox 2049 1869 2194 1908; x_wconf 90' lang='lat' dir='ltr'><strong>arma,</strong></span> <span class='ocrx_word' id='word_1_172' title='bbox 2219 1869 2333 1917; x_wconf 91' lang='lat' dir='ltr'><strong>pan-</strong></span> 
     </span>
     <span class='ocr_line' id='line_1_20' title="bbox 392 1929 2333 1997; baseline 0.001 -18"><span class='ocrx_word' id='word_1_173' title='bbox 392 1947 494 1987; x_wconf 91' lang='lat' dir='ltr'><strong>nos,</strong></span> <span class='ocrx_word' id='word_1_174' title='bbox 520 1938 568 1980; x_wconf 93' lang='lat' dir='ltr'><strong>et</strong></span> <span class='ocrx_word' id='word_1_175' title='bbox 592 1931 750 1979; x_wconf 89' lang='lat' dir='ltr'><strong>omnia</strong></span> <span class='ocrx_word' id='word_1_176' title='bbox 775 1947 868 1995; x_wconf 92' lang='lat' dir='ltr'><strong>que</strong></span> <span class='ocrx_word' id='word_1_177' title='bbox 892 1929 1160 1979; x_wconf 91' lang='lat' dir='ltr'><strong>habuerunt</strong></span> <span class='ocrx_word' id='word_1_178' title='bbox 1191 1930 1239 1978; x_wconf 90' lang='lat' dir='ltr'><strong>in</strong></span> <span class='ocrx_word' id='word_1_179' title='bbox 1268 1930 1563 1996; x_wconf 63' lang='lat' dir='ltr'><strong>supelleetili.</strong></span> <span class='ocrx_word' id='word_1_180' title='bbox 1638 1930 1871 1979; x_wconf 86' lang='lat' dir='ltr'><strong>Cerneres</strong></span> <span class='ocrx_word' id='word_1_181' title='bbox 1895 1930 1959 1979; x_wconf 91' lang='lat' dir='ltr'><strong>ibi</strong></span> <span class='ocrx_word' id='word_1_182' title='bbox 1984 1932 2211 1997; x_wconf 90' lang='lat' dir='ltr'><strong>quosdam</strong></span> <span class='ocrx_word' id='word_1_183' title='bbox 2236 1950 2333 1981; x_wconf 92' lang='lat' dir='ltr'><strong>om-</strong></span> 
     </span>
     <span class='ocr_line' id='line_1_21' title="bbox 392 2009 2334 2077; baseline 0.001 -18"><span class='ocrx_word' id='word_1_184' title='bbox 392 2012 503 2059; x_wconf 91' lang='lat' dir='ltr'><strong>nino</strong></span> <span class='ocrx_word' id='word_1_185' title='bbox 527 2010 680 2059; x_wconf 90' lang='lat' dir='ltr'><strong>nudos</strong></span> <span class='ocrx_word' id='word_1_186' title='bbox 703 2011 889 2075; x_wconf 89' lang='lat' dir='ltr'><strong>fugere,</strong></span> <span class='ocrx_word' id='word_1_187' title='bbox 907 2010 1160 2059; x_wconf 90' lang='lat' dir='ltr'><strong>nonnullos</strong></span> <span class='ocrx_word' id='word_1_188' title='bbox 1183 2009 1380 2059; x_wconf 86' lang='lat' dir='ltr'><strong>braccas</strong></span> <span class='ocrx_word' id='word_1_189' title='bbox 1402 2018 1588 2058; x_wconf 90' lang='lat' dir='ltr'><strong>tantum</strong></span> <span class='ocrx_word' id='word_1_190' title='bbox 1611 2009 1842 2059; x_wconf 87' lang='lat' dir='ltr'><strong>habentes</strong></span> <span class='ocrx_word' id='word_1_191' title='bbox 1865 2012 2001 2076; x_wconf 90' lang='lat' dir='ltr'><strong>super</strong></span> <span class='ocrx_word' id='word_1_192' title='bbox 2025 2012 2087 2067; x_wconf 87' lang='lat' dir='ltr'><strong>se,</strong></span> <span class='ocrx_word' id='word_1_193' title='bbox 2107 2013 2334 2077; x_wconf 90' lang='lat' dir='ltr'><strong>quosdam</strong></span> 
     </span>
     <span class='ocr_line' id='line_1_22' title="bbox 391 2089 2333 2157; baseline 0.001 -19"><span class='ocrx_word' id='word_1_194' title='bbox 391 2107 502 2140; x_wconf 89' lang='lat' dir='ltr'><strong>vero</strong></span> <span class='ocrx_word' id='word_1_195' title='bbox 528 2090 740 2138; x_wconf 77' lang='lat' dir='ltr'><strong>camisias</strong></span> <span class='ocrx_word' id='word_1_196' title='bbox 759 2097 806 2138; x_wconf 91' lang='lat' dir='ltr'><strong>et</strong></span> <span class='ocrx_word' id='word_1_197' title='bbox 829 2090 1076 2138; x_wconf 87' lang='lat' dir='ltr'><strong>femoralia</strong></span> <span class='ocrx_word' id='word_1_198' title='bbox 1094 2096 1302 2146; x_wconf 89' lang='lat' dir='ltr'><strong>tantum;</strong></span> <span class='ocrx_word' id='word_1_199' title='bbox 1330 2089 1587 2155; x_wconf 86' lang='lat' dir='ltr'><strong>pauciffimi</strong></span> <span class='ocrx_word' id='word_1_200' title='bbox 1606 2096 1740 2137; x_wconf 89' lang='lat' dir='ltr'><strong>erant</strong></span> <span class='ocrx_word' id='word_1_201' title='bbox 1763 2089 1827 2138; x_wconf 91' lang='lat' dir='ltr'><strong>ibi</strong></span> <span class='ocrx_word' id='word_1_202' title='bbox 1846 2097 1894 2138; x_wconf 92' lang='lat' dir='ltr'><strong>et</strong></span> <span class='ocrx_word' id='word_1_203' title='bbox 1917 2091 2038 2139; x_wconf 90' lang='lat' dir='ltr'><strong>forte</strong></span> <span class='ocrx_word' id='word_1_204' title='bbox 2062 2092 2232 2147; x_wconf 88' lang='lat' dir='ltr'><strong>nullus,</strong></span> <span class='ocrx_word' id='word_1_205' title='bbox 2251 2093 2333 2157; x_wconf 92' lang='lat' dir='ltr'><strong>qui</strong></span> 
     </span>
     <span class='ocr_line' id='line_1_23' title="bbox 391 2168 2333 2236; baseline 0 -17"><span class='ocrx_word' id='word_1_206' title='bbox 391 2186 574 2236; x_wconf 89' lang='lat' dir='ltr'><strong>pannos</strong></span> <span class='ocrx_word' id='word_1_207' title='bbox 598 2170 704 2218; x_wconf 91' lang='lat' dir='ltr'><strong>suos</strong></span> <span class='ocrx_word' id='word_1_208' title='bbox 728 2186 788 2217; x_wconf 86' lang='lat' dir='ltr'><strong>ex</strong></span> <span class='ocrx_word' id='word_1_209' title='bbox 810 2176 912 2217; x_wconf 89' lang='lat' dir='ltr'><strong>toto</strong></span> <span class='ocrx_word' id='word_1_210' title='bbox 937 2168 1127 2217; x_wconf 89' lang='lat' dir='ltr'><strong>valebat</strong></span> <span class='ocrx_word' id='word_1_211' title='bbox 1159 2169 1369 2218; x_wconf 89' lang='lat' dir='ltr'><strong>induere.</strong></span> <span class='ocrx_word' id='word_1_212' title='bbox 1442 2169 1586 2217; x_wconf 88' lang='lat' dir='ltr'><strong>Multi</strong></span> <span class='ocrx_word' id='word_1_213' title='bbox 1609 2176 1770 2217; x_wconf 91' lang='lat' dir='ltr'><strong>tamen</strong></span> <span class='ocrx_word' id='word_1_214' title='bbox 1795 2186 1853 2218; x_wconf 87' lang='lat' dir='ltr'><strong>ex</strong></span> <span class='ocrx_word' id='word_1_215' title='bbox 1876 2170 1966 2218; x_wconf 93' lang='lat' dir='ltr'><strong>illis</strong></span> <span class='ocrx_word' id='word_1_216' title='bbox 1990 2170 2195 2219; x_wconf 85' lang='lat' dir='ltr'><strong>tulerunt</strong></span> <span class='ocrx_word' id='word_1_217' title='bbox 2219 2188 2333 2236; x_wconf 91' lang='lat' dir='ltr'><strong>pan-</strong></span> 
     </span>
     <span class='ocr_line' id='line_1_24' title="bbox 391 2248 2333 2314; baseline 0 -15"><span class='ocrx_word' id='word_1_218' title='bbox 391 2267 478 2299; x_wconf 90' lang='lat' dir='ltr'><strong>nos</strong></span> <span class='ocrx_word' id='word_1_219' title='bbox 515 2251 622 2299; x_wconf 90' lang='lat' dir='ltr'><strong>suos</strong></span> <span class='ocrx_word' id='word_1_220' title='bbox 658 2250 780 2298; x_wconf 90' lang='lat' dir='ltr'><strong>inter</strong></span> <span class='ocrx_word' id='word_1_221' title='bbox 816 2249 975 2305; x_wconf 91' lang='lat' dir='ltr'><strong>ulnas;</strong></span> <span class='ocrx_word' id='word_1_222' title='bbox 1023 2248 1196 2314; x_wconf 91' lang='lat' dir='ltr'><strong>quibus</strong></span> <span class='ocrx_word' id='word_1_223' title='bbox 1234 2265 1343 2297; x_wconf 89' lang='lat' dir='ltr'><strong>cum</strong></span> <span class='ocrx_word' id='word_1_224' title='bbox 1379 2265 1664 2314; x_wconf 90' lang='lat' dir='ltr'><strong>prepropera</strong></span> <span class='ocrx_word' id='word_1_225' title='bbox 1700 2249 1999 2298; x_wconf 75' lang='lat' dir='ltr'><strong>festinatione</strong></span> <span class='ocrx_word' id='word_1_226' title='bbox 2038 2251 2333 2306; x_wconf 88' lang='lat' dir='ltr'><strong>exeuntibus,</strong></span> 
     </span>
     <span class='ocr_line' id='line_1_25' title="bbox 395 2328 2331 2396; baseline 0.001 -17"><span class='ocrx_word' id='word_1_227' title='bbox 395 2331 508 2379; x_wconf 90' lang='lat' dir='ltr'><strong>Deo</strong></span> <span class='ocrx_word' id='word_1_228' title='bbox 532 2337 723 2396; x_wconf 90' lang='lat' dir='ltr'><strong>propter</strong></span> <span class='ocrx_word' id='word_1_229' title='bbox 754 2330 978 2377; x_wconf 91' lang='lat' dir='ltr'><strong>immense</strong></span> <span class='ocrx_word' id='word_1_230' title='bbox 1010 2328 1324 2378; x_wconf 88' lang='lat' dir='ltr'><strong>misericordie</strong></span> <span class='ocrx_word' id='word_1_231' title='bbox 1349 2329 1429 2377; x_wconf 91' lang='lat' dir='ltr'><strong>sue</strong></span> <span class='ocrx_word' id='word_1_232' title='bbox 1454 2328 1756 2377; x_wconf 87' lang='lat' dir='ltr'><strong>clementiam</strong></span> <span class='ocrx_word' id='word_1_233' title='bbox 1786 2329 1932 2378; x_wconf 92' lang='lat' dir='ltr'><strong>solam</strong></span> <span class='ocrx_word' id='word_1_234' title='bbox 1956 2331 2099 2379; x_wconf 92' lang='lat' dir='ltr'><strong>vitam</strong></span> <span class='ocrx_word' id='word_1_235' title='bbox 2124 2332 2192 2379; x_wconf 89' lang='lat' dir='ltr'><strong>eis</strong></span> <span class='ocrx_word' id='word_1_236' title='bbox 2223 2348 2331 2380; x_wconf 88' lang='lat' dir='ltr'><strong>con-</strong></span> 
     </span>
     <span class='ocr_line' id='line_1_26' title="bbox 395 2407 2332 2475; baseline 0.001 -16"><span class='ocrx_word' id='word_1_237' title='bbox 395 2409 616 2464; x_wconf 88' lang='lat' dir='ltr'><strong>cedente;</strong></span> <span class='ocrx_word' id='word_1_238' title='bbox 651 2407 857 2473; x_wconf 84' lang='lat' dir='ltr'><strong>fingulas</strong></span> <span class='ocrx_word' id='word_1_239' title='bbox 888 2408 1055 2456; x_wconf 93' lang='lat' dir='ltr'><strong>domos</strong></span> <span class='ocrx_word' id='word_1_240' title='bbox 1089 2424 1200 2457; x_wconf 90' lang='lat' dir='ltr'><strong>mox</strong></span> <span class='ocrx_word' id='word_1_241' title='bbox 1236 2408 1403 2457; x_wconf 89' lang='lat' dir='ltr'><strong>armati</strong></span> <span class='ocrx_word' id='word_1_242' title='bbox 1438 2407 1763 2474; x_wconf 90' lang='lat' dir='ltr'><strong>ingrediuntur</strong></span> <span class='ocrx_word' id='word_1_243' title='bbox 1793 2408 2029 2466; x_wconf 85' lang='lat' dir='ltr'><strong>Edwardi‚</strong></span> <span class='ocrx_word' id='word_1_244' title='bbox 2062 2410 2332 2475; x_wconf 88' lang='lat' dir='ltr'><strong>diripientes</strong></span> 
     </span>
     <span class='ocr_line' id='line_1_27' title="bbox 396 2487 2327 2553; baseline 0.001 -16"><span class='ocrx_word' id='word_1_245' title='bbox 396 2504 545 2553; x_wconf 92' lang='lat' dir='ltr'><strong>equos</strong></span> <span class='ocrx_word' id='word_1_246' title='bbox 578 2494 625 2536; x_wconf 87' lang='lat' dir='ltr'><strong>et</strong></span> <span class='ocrx_word' id='word_1_247' title='bbox 657 2503 788 2535; x_wconf 90' lang='lat' dir='ltr'><strong>arma</strong></span> <span class='ocrx_word' id='word_1_248' title='bbox 812 2494 860 2535; x_wconf 90' lang='lat' dir='ltr'><strong>et</strong></span> <span class='ocrx_word' id='word_1_249' title='bbox 884 2487 1059 2535; x_wconf 65' lang='lat' dir='ltr'><strong>cuncta</strong></span> <span class='ocrx_word' id='word_1_250' title='bbox 1091 2487 1185 2535; x_wconf 88' lang='lat' dir='ltr'><strong>alia</strong></span> <span class='ocrx_word' id='word_1_251' title='bbox 1214 2487 1318 2553; x_wconf 92' lang='lat' dir='ltr'><strong>post</strong></span> <span class='ocrx_word' id='word_1_252' title='bbox 1349 2487 1664 2553; x_wconf 86' lang='lat' dir='ltr'><strong>egredientes,</strong></span> <span class='ocrx_word' id='word_1_253' title='bbox 1689 2495 1740 2536; x_wconf 92' lang='lat' dir='ltr'><strong>ut</strong></span> <span class='ocrx_word' id='word_1_254' title='bbox 1765 2488 1945 2537; x_wconf 65' lang='lat' dir='ltr'><strong>dietum</strong></span> <span class='ocrx_word' id='word_1_255' title='bbox 1970 2489 2052 2545; x_wconf 89' lang='lat' dir='ltr'><strong>est,</strong></span> <span class='ocrx_word' id='word_1_256' title='bbox 2086 2489 2327 2539; x_wconf 73' lang='lat' dir='ltr'><strong>derelicta.</strong></span> 
     </span>
     <span class='ocr_line' id='line_1_28' title="bbox 396 2566 2331 2633; baseline 0.001 -17"><span class='ocrx_word' id='word_1_257' title='bbox 396 2567 546 2616; x_wconf 88' lang='lat' dir='ltr'><strong>Mane</strong></span> <span class='ocrx_word' id='word_1_258' title='bbox 565 2573 724 2615; x_wconf 89' lang='lat' dir='ltr'><strong>autem</strong></span> <span class='ocrx_word' id='word_1_259' title='bbox 748 2566 897 2622; x_wconf 68' lang='lat' dir='ltr'><strong>facto,</strong></span> <span class='ocrx_word' id='word_1_260' title='bbox 916 2566 1168 2614; x_wconf 87' lang='lat' dir='ltr'><strong>induerunt</strong></span> <span class='ocrx_word' id='word_1_261' title='bbox 1192 2583 1322 2615; x_wconf 89' lang='lat' dir='ltr'><strong>arma</strong></span> <span class='ocrx_word' id='word_1_262' title='bbox 1339 2566 1624 2633; x_wconf 85' lang='lat' dir='ltr'><strong>fugientium</strong></span> <span class='ocrx_word' id='word_1_263' title='bbox 1642 2566 1894 2632; x_wconf 87' lang='lat' dir='ltr'><strong>pedestres,</strong></span> <span class='ocrx_word' id='word_1_264' title='bbox 1914 2569 1994 2633; x_wconf 94' lang='lat' dir='ltr'><strong>qui</strong></span> <span class='ocrx_word' id='word_1_265' title='bbox 2018 2569 2166 2633; x_wconf 90' lang='lat' dir='ltr'><strong>pridie</strong></span> <span class='ocrx_word' id='word_1_266' title='bbox 2185 2570 2331 2619; x_wconf 89' lang='lat' dir='ltr'><strong>secuti</strong></span> 
     </span>
     <span class='ocr_line' id='line_1_29' title="bbox 395 2645 2330 2714; baseline 0.001 -18"><span class='ocrx_word' id='word_1_267' title='bbox 395 2648 582 2696; x_wconf 86' lang='lat' dir='ltr'><strong>fuerant</strong></span> <span class='ocrx_word' id='word_1_268' title='bbox 607 2645 784 2695; x_wconf 89' lang='lat' dir='ltr'><strong>caudas</strong></span> <span class='ocrx_word' id='word_1_269' title='bbox 808 2663 1038 2711; x_wconf 89' lang='lat' dir='ltr'><strong>equorum</strong></span> <span class='ocrx_word' id='word_1_270' title='bbox 1070 2653 1356 2695; x_wconf 91' lang='lat' dir='ltr'><strong>armatorum</strong></span> <span class='ocrx_word' id='word_1_271' title='bbox 1381 2645 1618 2702; x_wconf 88' lang='lat' dir='ltr'><strong>Edwardi‚</strong></span> <span class='ocrx_word' id='word_1_272' title='bbox 1644 2647 2048 2714; x_wconf 89' lang='lat' dir='ltr'><strong>ascenderuntque</strong></span> <span class='ocrx_word' id='word_1_273' title='bbox 2077 2666 2225 2714; x_wconf 90' lang='lat' dir='ltr'><strong>equos</strong></span> <span class='ocrx_word' id='word_1_274' title='bbox 2248 2666 2330 2697; x_wconf 91' lang='lat' dir='ltr'><strong>no-</strong></span> 
     </span>
     <span class='ocr_line' id='line_1_30' title="bbox 396 2725 2331 2791; baseline 0.002 -17"><span class='ocrx_word' id='word_1_275' title='bbox 396 2725 559 2775; x_wconf 90' lang='lat' dir='ltr'><strong>bilium</strong></span> <span class='ocrx_word' id='word_1_276' title='bbox 583 2725 664 2791; x_wconf 92' lang='lat' dir='ltr'><strong>qui</strong></span> <span class='ocrx_word' id='word_1_277' title='bbox 689 2725 791 2790; x_wconf 87' lang='lat' dir='ltr'><strong>jam</strong></span> <span class='ocrx_word' id='word_1_278' title='bbox 820 2725 1058 2791; x_wconf 87' lang='lat' dir='ltr'><strong>fugerant.</strong></span> <span class='ocrx_word' id='word_1_279' title='bbox 1130 2725 1331 2775; x_wconf 88' lang='lat' dir='ltr'><strong>Videres</strong></span> <span class='ocrx_word' id='word_1_280' title='bbox 1353 2733 1467 2775; x_wconf 88' lang='lat' dir='ltr'><strong>tunc</strong></span> <span class='ocrx_word' id='word_1_281' title='bbox 1494 2725 1560 2774; x_wconf 94' lang='lat' dir='ltr'><strong>ibi</strong></span> <span class='ocrx_word' id='word_1_282' title='bbox 1592 2726 1707 2775; x_wconf 92' lang='lat' dir='ltr'><strong>illud</strong></span> <span class='ocrx_word' id='word_1_283' title='bbox 1732 2726 2035 2777; x_wconf 88' lang='lat' dir='ltr'><strong>Ecclefiastes</strong></span> <span class='ocrx_word' id='word_1_284' title='bbox 2059 2729 2331 2778; x_wconf 84' lang='lat' dir='ltr'><strong>vaticinium</strong></span> 
     </span>
     <span class='ocr_line' id='line_1_31' title="bbox 397 2805 2330 2875; baseline 0.001 -19"><span class='ocrx_word' id='word_1_285' title='bbox 397 2805 702 2871; x_wconf 89' lang='lat' dir='ltr'><strong>completum,</strong></span> <span class='ocrx_word' id='word_1_286' title='bbox 723 2805 937 2861; x_wconf 90' lang='lat' dir='ltr'><strong>dicentis,</strong></span> <span class='ocrx_word' id='word_1_287' title='bbox 963 2814 994 2835; x_wconf 87' lang='lat'><strong>“</strong></span> <span class='ocrx_word' id='word_1_288' title='bbox 1009 2805 1103 2854; x_wconf 93' lang='lat' dir='ltr'><strong>vidi</strong></span> <span class='ocrx_word' id='word_1_289' title='bbox 1128 2806 1282 2855; x_wconf 91' lang='lat' dir='ltr'><strong>servos</strong></span> <span class='ocrx_word' id='word_1_290' title='bbox 1305 2805 1353 2854; x_wconf 92' lang='lat' dir='ltr'><strong>in</strong></span> <span class='ocrx_word' id='word_1_291' title='bbox 1377 2806 1527 2871; x_wconf 90' lang='lat' dir='ltr'><strong>equis,</strong></span> <span class='ocrx_word' id='word_1_292' title='bbox 1552 2813 1601 2855; x_wconf 88' lang='lat' dir='ltr'><strong>et</strong></span> <span class='ocrx_word' id='word_1_293' title='bbox 1623 2806 1856 2872; x_wconf 91' lang='lat' dir='ltr'><strong>principes</strong></span> <span class='ocrx_word' id='word_1_294' title='bbox 1880 2807 2176 2857; x_wconf 88' lang='lat' dir='ltr'><strong>ambulantes</strong></span> <span class='ocrx_word' id='word_1_295' title='bbox 2199 2810 2330 2875; x_wconf 81' lang='lat' dir='ltr'><strong>quasi</strong></span> 
     </span>
     <span class='ocr_line' id='line_1_32' title="bbox 395 2880 2329 2951; baseline 0.002 -17"><span class='ocrx_word' id='word_1_296' title='bbox 395 2887 550 2935; x_wconf 89' lang='lat' dir='ltr'><strong>servos</strong></span> <span class='ocrx_word' id='word_1_297' title='bbox 580 2885 716 2950; x_wconf 88' lang='lat' dir='ltr'><strong>super</strong></span> <span class='ocrx_word' id='word_1_298' title='bbox 739 2880 962 2933; x_wconf 85' lang='lat' dir='ltr'><strong>terram.”</strong></span> <span class='ocrx_word' id='word_1_299' title='bbox 1035 2884 1296 2934; x_wconf 90' lang='lat' dir='ltr'><strong>Venientes</strong></span> <span class='ocrx_word' id='word_1_300' title='bbox 1324 2886 1467 2951; x_wconf 91' lang='lat' dir='ltr'><strong>igitur</strong></span> <span class='ocrx_word' id='word_1_301' title='bbox 1491 2902 1655 2935; x_wconf 90' lang='lat' dir='ltr'><strong>omnes</strong></span> <span class='ocrx_word' id='word_1_302' title='bbox 1683 2886 1748 2934; x_wconf 94' lang='lat' dir='ltr'><strong>illi</strong></span> <span class='ocrx_word' id='word_1_303' title='bbox 1772 2887 1925 2936; x_wconf 92' lang='lat' dir='ltr'><strong>scurre</strong></span> <span class='ocrx_word' id='word_1_304' title='bbox 1957 2887 2018 2935; x_wconf 91' lang='lat' dir='ltr'><strong>ad</strong></span> <span class='ocrx_word' id='word_1_305' title='bbox 2044 2887 2329 2939; x_wconf 89' lang='lat' dir='ltr'><strong>Edwardum</strong></span> 
     </span>
     <span class='ocr_line' id='line_1_33' title="bbox 396 2963 2329 3036; baseline 0.003 -23"><span class='ocrx_word' id='word_1_306' title='bbox 396 2965 518 3014; x_wconf 93' lang='lat' dir='ltr'><strong>bene</strong></span> <span class='ocrx_word' id='word_1_307' title='bbox 543 2963 710 3013; x_wconf 89' lang='lat' dir='ltr'><strong>armati</strong></span> <span class='ocrx_word' id='word_1_308' title='bbox 735 2964 782 3012; x_wconf 92' lang='lat' dir='ltr'><strong>in</strong></span> <span class='ocrx_word' id='word_1_309' title='bbox 807 2964 941 3029; x_wconf 90' lang='lat' dir='ltr'><strong>equis</strong></span> <span class='ocrx_word' id='word_1_310' title='bbox 964 2964 1208 3021; x_wconf 91' lang='lat' dir='ltr'><strong>nobilium,</strong></span> <span class='ocrx_word' id='word_1_311' title='bbox 1234 2965 1419 3031; x_wconf 91' lang='lat' dir='ltr'><strong>gavisus</strong></span> <span class='ocrx_word' id='word_1_312' title='bbox 1444 2965 1512 3014; x_wconf 91' lang='lat' dir='ltr'><strong>est</strong></span> <span class='ocrx_word' id='word_1_313' title='bbox 1534 2965 1712 3031; x_wconf 86' lang='lat' dir='ltr'><strong>gaudio</strong></span> <span class='ocrx_word' id='word_1_314' title='bbox 1735 2982 1927 3032; x_wconf 91' lang='lat' dir='ltr'><strong>magno.</strong></span> <span class='ocrx_word' id='word_1_315' title='bbox 1991 2967 2217 3018; x_wconf 90' lang='lat' dir='ltr'><strong>Tendens</strong></span> <span class='ocrx_word' id='word_1_316' title='bbox 2242 2970 2329 3036; x_wconf 89' lang='lat' dir='ltr'><strong>igi-</strong></span> 
     </span>
     <span class='ocr_line' id='line_1_34' title="bbox 396 3043 2328 3112; baseline 0.004 -19"><span class='ocrx_word' id='word_1_317' title='bbox 396 3053 472 3093; x_wconf 91' lang='lat' dir='ltr'><strong>tur</strong></span> <span class='ocrx_word' id='word_1_318' title='bbox 496 3043 757 3093; x_wconf 90' lang='lat' dir='ltr'><strong>Edwardus</strong></span> <span class='ocrx_word' id='word_1_319' title='bbox 787 3044 944 3093; x_wconf 89' lang='lat' dir='ltr'><strong>versus</strong></span> <span class='ocrx_word' id='word_1_320' title='bbox 969 3043 1242 3095; x_wconf 88' lang='lat' dir='ltr'><strong>Eusamiam</strong></span> <span class='ocrx_word' id='word_1_321' title='bbox 1274 3061 1383 3094; x_wconf 90' lang='lat' dir='ltr'><strong>cum</strong></span> <span class='ocrx_word' id='word_1_322' title='bbox 1414 3045 1622 3095; x_wconf 88' lang='lat' dir='ltr'><strong>exercitu</strong></span> <span class='ocrx_word' id='word_1_323' title='bbox 1654 3046 1843 3112; x_wconf 84' lang='lat' dir='ltr'><strong>copioso</strong></span> <span class='ocrx_word' id='word_1_324' title='bbox 1877 3054 2041 3096; x_wconf 91' lang='lat' dir='ltr'><strong>contra</strong></span> <span class='ocrx_word' id='word_1_325' title='bbox 2069 3048 2328 3107; x_wconf 87' lang='lat' dir='ltr'><strong>Simonem,</strong></span> 
     </span>
     <span class='ocr_line' id='line_1_35' title="bbox 397 3120 2328 3192; baseline 0.004 -20"><span class='ocrx_word' id='word_1_326' title='bbox 397 3141 504 3173; x_wconf 89' lang='lat' dir='ltr'><strong>curn</strong></span> <span class='ocrx_word' id='word_1_327' title='bbox 529 3123 590 3173; x_wconf 91' lang='lat' dir='ltr'><strong>ad</strong></span> <span class='ocrx_word' id='word_1_328' title='bbox 614 3123 732 3173; x_wconf 90' lang='lat' dir='ltr'><strong>duas</strong></span> <span class='ocrx_word' id='word_1_329' title='bbox 754 3124 923 3190; x_wconf 82' lang='lat' dir='ltr'><strong>leugas</strong></span> <span class='ocrx_word' id='word_1_330' title='bbox 947 3120 1294 3190; x_wconf 74' lang='lat' dir='ltr'><strong>approximaret</strong></span> <span class='ocrx_word' id='word_1_331' title='bbox 1319 3124 1558 3182; x_wconf 91' lang='lat' dir='ltr'><strong>Eusamie,</strong></span> <span class='ocrx_word' id='word_1_332' title='bbox 1583 3125 1823 3192; x_wconf 89' lang='lat' dir='ltr'><strong>egreditur</strong></span> <span class='ocrx_word' id='word_1_333' title='bbox 1851 3125 2016 3176; x_wconf 86' lang='lat' dir='ltr'><strong>Simon</strong></span> <span class='ocrx_word' id='word_1_334' title='bbox 2040 3135 2205 3178; x_wconf 86' lang='lat' dir='ltr'><strong>contra</strong></span> <span class='ocrx_word' id='word_1_335' title='bbox 2230 3129 2328 3179; x_wconf 92' lang='lat' dir='ltr'><strong>Ed-</strong></span> 
     </span>
     <span class='ocr_line' id='line_1_36' title="bbox 398 3202 2328 3276; baseline 0.004 -25"><span class='ocrx_word' id='word_1_336' title='bbox 398 3203 619 3261; x_wconf 89' lang='lat' dir='ltr'><strong>wardum,</strong></span> <span class='ocrx_word' id='word_1_337' title='bbox 651 3204 841 3270; x_wconf 89' lang='lat' dir='ltr'><strong>sperans</strong></span> <span class='ocrx_word' id='word_1_338' title='bbox 873 3203 933 3253; x_wconf 92' lang='lat' dir='ltr'><strong>de</strong></span> <span class='ocrx_word' id='word_1_339' title='bbox 964 3204 1044 3269; x_wconf 86' lang='lat' dir='ltr'><strong>spe</strong></span> <span class='ocrx_word' id='word_1_340' title='bbox 1075 3202 1156 3252; x_wconf 93' lang='lat' dir='ltr'><strong>ubi</strong></span> <span class='ocrx_word' id='word_1_341' title='bbox 1183 3220 1279 3253; x_wconf 91' lang='lat' dir='ltr'><strong>non</strong></span> <span class='ocrx_word' id='word_1_342' title='bbox 1312 3211 1413 3254; x_wconf 89' lang='lat' dir='ltr'><strong>erat</strong></span> <span class='ocrx_word' id='word_1_343' title='bbox 1442 3205 1563 3270; x_wconf 91' lang='lat' dir='ltr'><strong>spes.</strong></span> <span class='ocrx_word' id='word_1_344' title='bbox 1637 3205 1918 3272; x_wconf 86' lang='lat' dir='ltr'><strong>Speraverat</strong></span> <span class='ocrx_word' id='word_1_345' title='bbox 1942 3206 2084 3263; x_wconf 91' lang='lat' dir='ltr'><strong>enim,</strong></span> <span class='ocrx_word' id='word_1_346' title='bbox 2108 3214 2161 3256; x_wconf 87' lang='lat' dir='ltr'><strong>ut</strong></span> <span class='ocrx_word' id='word_1_347' title='bbox 2190 3209 2328 3276; x_wconf 86' lang='lat' dir='ltr'><strong>supra</strong></span> 
     </span>
     <span class='ocr_line' id='line_1_37' title="bbox 399 3283 2326 3351; baseline 0.003 -19"><span class='ocrx_word' id='word_1_348' title='bbox 399 3283 612 3342; x_wconf 57' lang='lat' dir='ltr'><strong>memini„</strong></span> <span class='ocrx_word' id='word_1_349' title='bbox 630 3283 759 3350; x_wconf 92' lang='lat' dir='ltr'><strong>quod</strong></span> <span class='ocrx_word' id='word_1_350' title='bbox 790 3283 954 3333; x_wconf 89' lang='lat' dir='ltr'><strong>Simon</strong></span> <span class='ocrx_word' id='word_1_351' title='bbox 984 3290 1123 3333; x_wconf 87' lang='lat' dir='ltr'><strong>natus</strong></span> <span class='ocrx_word' id='word_1_352' title='bbox 1156 3284 1237 3350; x_wconf 88' lang='lat' dir='ltr'><strong>qui</strong></span> <span class='ocrx_word' id='word_1_353' title='bbox 1268 3285 1456 3351; x_wconf 86' lang='lat' dir='ltr'><strong>fugerat</strong></span> <span class='ocrx_word' id='word_1_354' title='bbox 1488 3301 1597 3335; x_wconf 87' lang='lat' dir='ltr'><strong>cum</strong></span> <span class='ocrx_word' id='word_1_355' title='bbox 1628 3285 1731 3336; x_wconf 88' lang='lat' dir='ltr'><strong>aliis</strong></span> <span class='ocrx_word' id='word_1_356' title='bbox 1761 3286 1940 3338; x_wconf 87' lang='lat' dir='ltr'><strong>veniret</strong></span> <span class='ocrx_word' id='word_1_357' title='bbox 1972 3286 2032 3337; x_wconf 85' lang='lat' dir='ltr'><strong>ad</strong></span> <span class='ocrx_word' id='word_1_358' title='bbox 2063 3287 2326 3339; x_wconf 87' lang='lat' dir='ltr'><strong>succursum</strong></span> 
     </span>
    </p>
   </div>
  </div>
 </body>
</html>
