2846 3874
610 496 701 539 144
1071 491 1495 541 CHRONICA
1539 489 1641 540 DE
1688 490 2070 541 MAILROS.
2232 492 2365 543 A.D.
2397 497 2538 544 1233.

673 635 809 689 Item,
842 633 1140 681 consecratus
1173 632 1241 680 est
1268 632 1537 680 Willelmus
1572 631 1819 697 episcopus
1841 630 2156 680 Glascuienfis
2170 629 2198 660 ff
2229 631 2290 680 ab
2321 633 2541 698 episcopo

607 713 801 761 Andrea
825 712 884 760 de
911 711 1168 766 Murrevia,
1194 711 1432 759 dominica
1463 710 1566 776 post
1596 711 1893 760 nativitatem
1915 710 2058 760 beate
2083 710 2240 759 Marie
2268 710 2428 777 [Sept.
2457 712 2538 778 11]

605 794 647 839 in
671 790 865 840 ecclefia
890 791 950 838 de
973 790 1189 855 Glasgu'.
2349 840 2353 843 ,

672 870 939 918 Willelmus
964 869 1112 918 abbas
1137 870 1197 918 de
1224 869 1554 918 Holmcultran
1578 871 1660 918 suo
1685 870 1811 919 ceffit
1835 870 2006 926 officio,
2031 870 2107 918 cui
2130 870 2338 919 succeffit
2359 870 2543 920 Gilber-

602 958 677 997 tus
700 949 922 1014 magister
947 951 1274 998 conversorum
1298 950 1507 1015 ejusdem
1532 949 1768 999 domus.fff

671 1028 804 1077 Obiit
832 1029 1101 1077 Willelmus
1129 1029 1303 1078 Cumin
1329 1047 1487 1078 comes
1512 1030 1571 1078 de
1598 1030 1818 1094 Buphan,
1844 1029 2035 1078 abbatie
2060 1030 2120 1079 de
2146 1030 2247 1079 Der
2270 1030 2508 1079 fundator.

672 1108 814 1157 Anno
847 1109 1157 1174 M.cc.xxxiiij.
1189 1109 1306 1157 obiit
1333 1109 1546 1158 Alanusg
1567 1109 1689 1158 filius
1717 1109 1937 1165 Rolandi,
1962 1110 2180 1158 dominus
2208 1110 2472 1159 Galwethie
2497 1119 2544 1160 et

604 1188 974 1236 constabularius
1003 1189 1186 1253 Scocie,
1217 1200 1264 1236 et
1295 1189 1503 1253 sepultus
1535 1188 1603 1237 est
1635 1188 1762 1254 apud
1789 1189 2144 1254 Dundraynan3
2181 1197 2228 1237 et
2252 1190 2452 1255 reliquid
2475 1191 2541 1256 iij.

602 1267 720 1315 filias
744 1267 962 1324 heredes,
988 1276 1035 1316 et
1059 1268 1206 1316 filium
1231 1285 1377 1316 unum
1408 1268 1747 1324 bastardum,ssg
1769 1269 1850 1333 qui
1875 1269 1988 1316 dum
2012 1269 2250 1317 adviveret
2283 1278 2418 1334 pater
2442 1270 2544 1335 ejus

603 1347 735 1394 duxit
759 1364 953 1395 uxorem
976 1348 1119 1396 filiam
1144 1349 1269 1413 regis
1293 1348 1352 1396 de
1379 1348 1514 1396 Man.
1587 1348 1705 1396 Filie
1731 1355 1890 1396 autem
1915 1348 2016 1413 ejus
2039 1349 2296 1414 nupserunt
2318 1349 2390 1398 his
2414 1350 2543 1405 viris;

603 1426 753 1490 prima
784 1427 959 1475 scilicet
986 1427 1178 1493 Rogero
1204 1428 1262 1475 de
1291 1427 1510 1492 Quincyh
1536 1428 1694 1475 comiti
1723 1427 1992 1483 Wintonie;
2024 1429 2230 1476 secunda
2254 1428 2460 1476 Johanni
2485 1429 2545 1477 de

606 1505 816 1570 Baylohi
851 1507 997 1554 tercio
1032 1507 1127 1554 filio
1170 1506 1353 1554 comitis
1386 1506 1446 1554 de
1481 1506 1804 1562 Albemarla,¹‘
1841 1507 1960 1554 inter
1998 1524 2116 1571 quas
2150 1507 2294 1555 divisa
2329 1508 2395 1555 est
2422 1516 2547 1556 terra

603 1585 803 1648 predicti
831 1585 990 1633 Alani.
1067 1586 1163 1634 Sed
1188 1586 1412 1650 indigene
1437 1585 1559 1634 illius
1583 1593 1722 1640 terre,
1754 1586 1985 1634 malentes
2016 1586 2192 1634 habere
2226 1603 2370 1634 unum
2400 1586 2546 1635 domi-

603 1681 715 1711 num
740 1681 885 1729 quam
909 1665 1082 1729 plures,
1109 1665 1169 1712 ad
1195 1665 1437 1713 dominum
1469 1682 1632 1731 regem
1665 1664 1968 1720 accesserunt,
2000 1665 2290 1730 postulantes
2313 1674 2547 1730 quatenus

604 1743 855 1792 heredibus
878 1744 1116 1793 heredatis
1140 1746 1276 1809 super
1308 1746 1354 1793 se
1380 1744 1640 1792 dominium
1673 1745 1925 1809 acciperet,
1955 1745 2083 1809 quod
2115 1746 2220 1810 pius
2252 1763 2332 1794 rex
2355 1747 2548 1795 minime

605 1824 797 1871 curavit.
853 1824 1154 1888 Quapropter
1177 1824 1573 1873 Galuuethienses
1598 1825 1734 1888 supra
1752 1824 1946 1872 modum
1971 1825 2348 1881 intumescentes,
2373 1827 2469 1874 sese
2488 1826 2549 1874 ad

605 1902 906 1951 resistendum
938 1912 1322 1969 preparaverunt,
1356 1921 1541 1953 necnon
1567 1911 1614 1952 et
1650 1904 1878 1968 quasdam
1910 1912 2057 1952 terras
2082 1904 2258 1952 domini
2291 1906 2415 1970 regis
2439 1906 2548 1954 vici-

606 1983 759 2031 niores
777 1984 900 2030 ferro
919 1984 1204 2048 flammaque
1223 1984 1542 2039 vastaverunt3
1567 1984 1695 2048 quod
1715 1984 1781 2031 eis
1800 1984 1846 2031 in
1872 1985 2142 2049 prosperum
2160 2001 2254 2032 non
2274 1984 2415 2039 cefflt,
2434 1984 2548 2032 ficut

606 2063 651 2108 in
677 2062 1065 2127 subsequentibus
1091 2063 1352 2128 apparebit.

677 2141 812 2196 Item,
839 2142 955 2189 obiit
980 2143 1198 2191 dominus
1227 2143 1483 2190 Walranus
1513 2142 1661 2190 abbas
1687 2142 1746 2190 de
1773 2142 1890 2197 Der,
1907 2143 1953 2189 in
1979 2143 2114 2206 cujus
2138 2143 2244 2190 loco
2274 2143 2457 2191 electus
2482 2144 2548 2190 est

609 2220 888 2268 venerabilis
914 2221 1062 2286 Hugo
1088 2222 1211 2286 prior
1236 2222 1295 2270 de
1323 2222 1516 2270 Melros.

678 2299 820 2347 Anno
848 2300 1042 2347 Domini
1078 2310 1450 2349 M⁰.cc⁰.xxx⁰.v⁰.
1488 2301 1604 2349 obiit
1639 2302 1872 2366 dompnus
1900 2301 2015 2349 W‚*
2050 2302 2295 2366 episcopus
2332 2302 2548 2349 Candide

615 2379 758 2434 Case3
794 2379 1030 2428 dominica
1054 2381 1203 2444 prima
1228 2380 1585 2446 quadragesime
1615 2381 1755 2445 [Feb.
1782 2380 1888 2445 25]‚
1914 2381 2097 2428 electus
2121 2381 2188 2428 est
2213 2381 2413 2428 domnus
2433 2381 2550 2428 Gill-

611 2458 769 2506 bertus
793 2459 1012 2524 magister
1035 2460 1318 2508 novitiorum
1343 2460 1402 2508 de
1429 2460 1624 2515 Melros,
1650 2468 1697 2508 et
1721 2460 1962 2525 quondam
1995 2460 2143 2509 abbas
2168 2460 2226 2508 de
2255 2460 2470 2516 Glenlus,
2503 2461 2550 2508 in

612 2538 897 2602 episcopum,
914 2546 1012 2586 tam
1032 2556 1060 2586 a
1079 2539 1203 2587 clero
1220 2556 1363 2604 quam
1384 2539 1444 2587 ab
1464 2540 1674 2588 universo
1693 2540 1869 2604 populo
1889 2540 2168 2595 Galwethie,
2185 2548 2383 2605 excepto
2399 2540 2550 2604 priore

612 2625 658 2664 et
683 2625 917 2666 conventu
942 2618 1001 2666 de
1031 2618 1262 2667 Witerne.
1336 2620 1595 2667 Dominica
1627 2626 1787 2667 autem
1816 2636 1911 2684 qua
1943 2627 2159 2667 cantatur
2192 2628 2222 2648 “
2242 2619 2382 2667 Oculi
2405 2620 2549 2675 mei,”

616 2696 763 2760 [Mar.
796 2697 876 2762 18]
906 2698 1200 2762 supradictus
1231 2700 1355 2763 prior
1389 2716 1497 2747 cum
1520 2700 1602 2747 suo
1635 2706 1870 2747 conventu
1895 2699 2039 2764 elegit
2067 2699 2287 2747 Odonem
2311 2699 2551 2764 quondam

676 2915 703 2934 rs
732 2916 772 2949 In
789 2916 850 2951 the
868 2917 1009 2962 margin,
1028 2918 1063 2952 in
1080 2918 1142 2953 red
1158 2918 1289 2959 letters,
1311 2924 1335 2938 ‘⁴
1354 2918 1550 2954 Willelmus
1567 2919 1754 2965 episcopus
1775 2919 2032 2964 Glasguensis.’‘
2210 2917 2254 2937 m
2282 2917 2370 2953 This
2387 2917 2472 2952 does
2488 2923 2552 2952 not

613 2982 711 3015 agree
729 2971 814 3006 with
830 2972 892 3007 the
917 2973 1132 3020 chronology
1157 2974 1199 3009 of
1217 2975 1336 3009 Ellis’s
1351 2976 1525 3021 Dugdale,
1546 2987 1579 3010 v.
1599 2978 1681 3016 593,
1709 2975 1826 3010 which
1850 2982 1938 3010 rests
1964 2986 2060 3021 upon
2084 2974 2146 3010 the
2171 2973 2350 3019 authority
2370 2971 2413 3008 of
2431 2972 2548 3007 Wiuit.

614 3027 629 3045 ⁸
656 3027 836 3073 Douglas's
855 3030 1016 3076 Peerage,
1044 3030 1067 3064 i.
1086 3033 1169 3065 615.
1224 3031 1290 3066 See
1315 3031 1390 3066 also
1407 3031 1619 3077 concerning
1642 3031 1712 3066 this
1730 3038 1846 3072 event,
1875 3031 1945 3066 and
1961 3030 2023 3066 the
2047 3029 2276 3066 insurrection
2300 3029 2336 3063 in
2355 3027 2548 3073 Gffloway,

616 3081 674 3114 M.
697 3083 810 3122 Paris,
826 3095 862 3129 p.
878 3086 960 3119 294.
1202 3085 1237 3106 ⁸⁸
1265 3087 1417 3127 Fordun,
1436 3087 1470 3121 ii.
1490 3089 1548 3128 60,
1569 3086 1652 3122 calls
1670 3086 1742 3121 him
1762 3086 1930 3127 Thomas,
1959 3086 2029 3121 and
2045 3097 2085 3121 so
2101 3085 2187 3121 does
2203 3083 2262 3119 M
2282 3083 2394 3125 Poris,
2413 3093 2448 3128 p·
2467 3083 2549 3116 294-

616 3135 632 3154 ¹¹
651 3137 835 3182 Dugdale’s
852 3140 1041 3187 Baronage,
1061 3141 1083 3176 i.
1102 3144 1185 3177 688.
1331 3142 1339 3162 ¹
1371 3142 1437 3177 See
1454 3149 1539 3177 note
1557 3141 1583 3177 ¹.
1729 3142 1743 3162 ¹¹
1770 3143 1944 3189 Dugdale,
1964 3142 1987 3177 i.
2005 3143 2064 3176 64.
2209 3138 2242 3159 ¹³¹¹
2272 3138 2339 3174 See
2365 3138 2547 3184 Wyntmvm

616 3191 638 3224 i·
654 3192 734 3231 370,
751 3194 831 3229 371.
955 3198 970 3215 ⁸¹
999 3197 1111 3237 Keitlz,
1132 3198 1213 3238 272,
1234 3197 1317 3232 calls
1334 3197 1406 3232 him
1427 3197 1581 3238 Walter;
1607 3198 1672 3234 but
1689 3198 1841 3238 For-dun,
1860 3197 1895 3232 ii.
1912 3199 1971 3238 61,
1990 3207 2070 3242 says
2087 3195 2142 3231 his
2157 3204 2259 3230 name
2276 3204 2348 3228 was
2369 3191 2535 3227 william.

2632 1118 2691 1153 fol.
2711 1121 2769 1153 42.
