2904 3886
625 502 716 557 176
1084 501 1507 551 CHRONICA
1550 501 1651 550 DE
1700 500 2080 552 MAILROS.
2235 504 2367 553 A.D.
2409 508 2563 554 1245.·

621 638 841 687 dictionis
870 637 1095 692 extendit,
1127 637 1282 685 taliter
1314 636 1495 685 astante
1528 635 1666 685 nobis
1696 644 1745 685 et
1775 637 1942 686 nostris
1975 637 2160 686 auxiliis
2194 638 2390 688 dextera
2427 642 2552 706 regis

562 732 573 745 ’
620 734 786 782 regum
817 733 910 781 que
939 716 1168 780 justitiam
1199 717 1380 781 semper
1412 715 1679 772 comitatur,
1710 715 1807 764 istis
1837 716 2076 782 principiis
2099 725 2388 774 occurretur3
2420 718 2553 768 dum-

619 797 761 844 modo
785 797 832 843 se
855 795 990 854 nobis
1014 795 1198 843 illorum
1222 795 1435 860 potentia
1457 811 1552 843 non
1576 802 1802 860 opponat,
1820 812 1987 861 regum
2011 804 2059 845 et
2081 796 2341 862 principem
2364 797 2553 853 scilicet,

619 892 738 939 quos
770 874 1079 922 communiter
1103 875 1244 922 causa
1275 873 1430 922 nostra
1462 874 1710 940 contingit,
1735 882 1783 923 et
1815 891 2018 940 quorum
2051 892 2147 924 non
2177 876 2332 925 minus
2363 877 2554 926 vertitur

618 952 831 1001 interesse
855 970 1000 1017 quam
1024 953 1247 1009 nostrum,
1272 953 1400 1018 quod
1431 953 1568 1003 nobis
1592 962 1640 1002 et
1672 953 1775 1003 aliis
1805 961 1928 1003 terre
1961 954 2198 1004 nobilibus
2230 956 2418 1004 causam
2442 956 2554 1021 justi

618 1033 795 1080 timoris
826 1033 873 1080 in
897 1032 1070 1082 talibus
1100 1032 1256 1081 nostra
1280 1032 1487 1081 defenfio
1515 1050 1611 1081 non
1643 1033 1891 1099 relinquet.
1966 1034 2102 1083 Inviti
2134 1042 2295 1083 tamen
2326 1035 2418 1084 hoc
2439 1035 2554 1084 faci-

617 1129 735 1166 mus,
763 1111 871 1159 Deo
895 1111 1028 1168 teste,
1052 1112 1133 1161 sed
1156 1111 1409 1160 neceffario
1434 1113 1691 1177 provocati,
1715 1113 1844 1161 velut
1867 1113 1947 1178 qui
1972 1113 2102 1178 peste
2125 1114 2370 1179 multiplici
2400 1113 2554 1163 Chris-

617 1192 879 1239 tianitatem
911 1191 1076 1240 nostris
1114 1191 1404 1256 temporibus
1434 1191 1648 1240 videmus
1681 1192 1904 1247 attritam,
1938 1192 1999 1240 ad
2030 1192 2166 1257 cujus
2201 1193 2426 1241 auxilium
2460 1210 2554 1241 una

616 1270 872 1326 nobiscum,
898 1279 1035 1335 prout
1058 1271 1323 1336 nuperrime
1347 1271 1478 1336 regie
1501 1271 1851 1336 magnificentie
1875 1270 2151 1336 scripfimus,
2175 1272 2285 1321 totis
2308 1272 2552 1321 intendere

617 1349 791 1398 viribus
815 1350 1168 1414 superabamus.
1240 1349 1477 1415 Requivat
1493 1357 1653 1398 autem
1676 1349 1768 1398 hoc
1792 1350 1852 1398 de
1875 1367 2020 1399 manu
2044 1351 2147 1415 ejus
2163 1351 2298 1400 Deus
2313 1352 2393 1416 qui
2418 1360 2551 1400 tanto

617 1429 881 1484 discrimini,
919 1429 1046 1493 quod
1070 1429 1155 1476 toti
1187 1429 1287 1477 fere
1318 1428 1575 1493 reipublice
1604 1428 1867 1477 Christiane
1901 1430 2106 1477 minatus
2130 1430 2381 1485 excidium,
2404 1439 2551 1479 mate-

617 1509 732 1556 riam
780 1507 1107 1555 subministrat.
1189 1507 1375 1554 Datum
1416 1506 1629 1562 Taurini,
1668 1507 1717 1570 ij.
1759 1507 1991 1555 kalendas
2034 1507 2243 1571 Augusti
2286 1507 2402 1573 [Jul.
2445 1510 2551 1574 31]‚

615 1588 759 1635 tercie
784 1586 1103 1634 indictionis.”
1122 1594 1137 1613 ²

683 1746 835 1794 ANNo
865 1746 1058 1793 Domini
1091 1746 1331 1794 M.00.xlvi.
1365 1745 1599 1811 dompnus
1629 1744 1869 1793 Mathaeus
1901 1744 2168 1793 cellerarius
2199 1744 2259 1793 de
2290 1744 2470 1794 Melros
2504 1747 2551 1793 in

616 1825 838 1873 abbatem
863 1825 1050 1889 eligitur
1086 1825 1132 1871 in
1163 1824 1361 1872 crastino
1394 1824 1662 1872 sanctorum
1689 1823 1901 1872 Tiburcii
1925 1831 1974 1872 et
1999 1823 2240 1872 Valeriani
2277 1823 2418 1890 [Apr.
2451 1824 2551 1890 13]‚

616 1913 662 1952 et
693 1906 740 1952 in
766 1904 841 1952 die
867 1903 1142 1952 ascenfionis
1171 1903 1312 1968 [Maij
1346 1903 1446 1968 13],
1472 1921 1500 1951 a
1525 1903 1731 1968 dompno
1760 1903 2002 1951 Willelmo
2026 1903 2246 1968 episcopo
2273 1903 2553 1968 Glasguensi

613 1984 928 2048 sollempniter
951 1984 998 2030 in
1023 1982 1219 2030 ecclesia
1243 1982 1302 2030 de
1323 1982 1503 2030 Melros
1527 1981 1835 2030 benedicitur.

685 2063 870 2126 Corpus
902 2061 1094 2127 dompni
1122 2060 1316 2109 Henrici
1341 2061 1399 2108 de
1427 2060 1619 2109 Balolf³
1650 2077 1678 2108 a
1709 2060 1873 2109 sancto
1899 2059 2083 2108 Jacobo
2115 2061 2407 2125 deportatur,
2433 2069 2481 2108 et
2504 2062 2550 2108 in

616 2142 822 2205 capitulo
847 2141 906 2188 de
932 2140 1112 2188 Melros
1135 2139 1390 2187 honorifice
1422 2139 1693 2187 tumulatur.

691 2220 828 2274 Item,
854 2218 1002 2267 abbas
1028 2218 1254 2267 Matheus
1279 2218 1338 2265 de
1362 2218 1525 2266 sancto
1555 2218 1764 2266 Servano
1789 2217 2053 2282 deponitur,
2079 2226 2126 2265 et
2148 2217 2407 2266 Gaufridus
2430 2219 2552 2282 prior

616 2300 674 2346 de
701 2298 751 2346 N
754 2298 931 2346 eubotil
956 2298 999 2346 ei
1023 2297 1315 2362 subrogatur.

687 2378 822 2432 Item,
848 2377 1145 2425 canonizatio
1171 2376 1319 2424 sancti
1346 2375 1587 2424 Edmundi
1612 2376 1986 2441 archiepiscopi.b

685 2457 826 2504 Anno
845 2455 1043 2504 Domini
1061 2455 1319 2519 M.cc.xlvij.
1345 2455 1577 2520 dompnus
1595 2454 1807 2503 Thomas
1825 2454 1886 2503 de
1914 2454 2087 2502 Cantia
2112 2455 2158 2501 in
2183 2455 2325 2502 domo
2350 2455 2409 2503 de
2431 2455 2552 2504 Mel-

618 2553 690 2583 ros
725 2536 918 2583 moritur
954 2544 1000 2582 et
1034 2534 1275 2599 sepelitur3
1311 2534 1424 2582 item
1462 2534 1708 2599 Philippus
1739 2534 1799 2582 de
1837 2533 2096 2588 Peccokes,
2132 2541 2180 2581 et
2211 2532 2450 2583 Robertus
2491 2535 2550 2583 de

620 2615 771 2670 Curri,
797 2623 844 2662 et
877 2614 1034 2662 Adam
1058 2614 1117 2661 de
1145 2613 1483 2669 Lomokestun,
1508 2612 1683 2661 ibidem
1708 2613 2015 2678 deportantur
2047 2620 2094 2661 et
2118 2612 2418 2676 sepeliuntur,
2443 2630 2551 2662 cum

620 2694 729 2741 Ada
754 2694 813 2742 de
841 2693 1057 2758 Baylolfc
1088 2693 1168 2758 qui
1198 2693 1334 2758 juxta
1365 2700 1547 2757 patrem
1573 2693 1705 2740 suum
1733 2691 2014 2747 tumulatur;
2050 2698 2097 2739 et
2120 2691 2343 2756 magister
2371 2691 2551 2741 Willel-

617 2791 720 2822 mus
745 2774 803 2822 de
832 2771 1130 2821 Grenlauued
1153 2772 1200 2819 in
1225 2771 1433 2836 capitulo
1457 2771 1729 2819 tumulatur.

680 2866 692 2880 ²
724 2866 865 2901 Printed
881 2867 915 2901 in
932 2866 995 2901 the
1014 2871 1038 2885 ‘⁴
1053 2866 1219 2912 Epistolae
1234 2865 1330 2900 Petri
1345 2866 1386 2900 de
1407 2865 1550 2905 Vineisss’
1567 2865 1590 2899 i.
1605 2867 1662 2906 84,
1682 2867 1764 2900 Svo.
1783 2865 1866 2900 edit.
1889 2867 1991 2903 1740.
2148 2866 2228 2908 (42)
2253 2863 2268 2878 ⁸
2298 2863 2330 2899 It
2346 2865 2375 2899 is
2391 2863 2555 2910 probable

617 2922 692 2956 that
710 2922 778 2956 this
796 2922 984 2956 individual
1001 2933 1072 2956 was
1088 2921 1150 2956 the
1166 2932 1262 2956 same
1278 2931 1316 2955 as
1331 2920 1394 2955 the
1413 2920 1536 2966 Henry
1551 2920 1596 2956 de
1611 2920 1732 2962 Baliol,
1752 2920 1955 2956 mentioned
1969 2921 2016 2966 by
2027 2920 2189 2966 Dugdace
2204 2920 2239 2954 in
2258 2919 2311 2954 his
2322 2920 2511 2966 Baronage,
2529 2911 2555 2953 i.'

617 2979 697 3010 523.
843 2977 859 2996 ¹³
881 2977 947 3012 See
966 2978 1105 3011 Fordun
1115 2977 1149 3011 ii.
1166 2978 1229 3016 763
1249 2977 1422 3022 Raynaldi
1436 2976 1524 3010 Arm.
1540 2977 1652 3016 Eccl„
1671 2976 1706 3011 ii.
1718 2977 1801 3011 523.
1848 2975 1882 3010 A
1893 2976 2040 3010 number
2053 2974 2096 3010 of
2105 2975 2243 3010 curious
2259 2974 2400 3021 legenda
2412 2968 2556 3018 relating

617 3039 653 3065 to
666 3032 736 3066 this
751 3032 915 3066 Edmund
933 3032 1034 3072 Rich,
1054 3031 1263 3077 archbishop
1280 3030 1323 3066 of
1336 3031 1563 3078 Canterbury,
1583 3030 1653 3066 will
1668 3032 1714 3067 be
1729 3030 1840 3066 found
1855 3031 1891 3066 in
1907 3029 1970 3066 the
1988 3030 2161 3065 Claronz‘cle
2176 3030 2219 3076 qs
2228 3029 2431 3067 Lana-eost,-
2453 3027 2555 3062 other

619 3087 818 3130 particulars
835 3098 914 3132 may
930 3089 973 3122 be
991 3099 1074 3122 seen
1091 3088 1126 3121 in
1146 3087 1353 3133 Capgrave‘s
1371 3088 1470 3121 Nova
1490 3087 1653 3133 Legenda
1671 3086 1814 3133 Anglioe‚
1834 3086 1870 3121 in
1885 3085 1948 3121 the
1964 3084 2119 3120 metrical
2142 3084 2201 3119 life
2216 3085 2253 3119 in
2268 3084 2331 3119 the
2350 3082 2448 3118 Harl.
2471 3081 2551 3117 MS.

622 3143 722 3181 1277,
743 3142 861 3175 andin
879 3142 980 3177 other
995 3142 1220 3188 legendaries.
1393 3141 1408 3157 ⁰
1439 3142 1527 3178 This
1547 3142 1663 3178 Adam
1687 3141 1751 3177 has
1767 3141 1919 3187 escaped
1941 3139 2004 3177 the
2026 3139 2144 3176 notice
2160 3138 2203 3174 of
2212 3138 2392 3185 Dngdales·
2417 3137 2464 3172 he
2481 3149 2553 3171 wrm

619 3196 784 3241 probably
801 3208 865 3230 son
880 3203 918 3231 to
935 3197 996 3231 the
1016 3197 1138 3244 Hem-y
1154 3196 1356 3232 mentioned
1370 3196 1407 3231 in
1422 3202 1507 3232 note
1522 3195 1552 3231 ⁸.
1744 3196 1762 3217 ‘¹
1790 3195 1879 3232 This
1895 3206 1968 3231 was
1991 3193 2160 3241 probably
2173 3191 2237 3228 the
2257 3191 2408 3227 William
2425 3191 2470 3227 de
2490 3192 2553 3227 Al-

618 3257 771 3290 wenton,
791 3250 901 3286 called
925 3251 998 3286 also
1018 3251 1171 3287 William
1187 3252 1232 3287 de
1251 3251 1448 3293 Greenlaw,
1467 3251 1550 3287 who
1563 3262 1653 3297 gave
1670 3256 1710 3286 to
1735 3250 1889 3287 Meli-ose
1911 3249 2013 3286 three
2026 3247 2252 3295 ploughman
2273 3246 2317 3282 of
2333 3247 2416 3282 land
2438 3247 2474 3281 in
2490 3247 2552 3282 the

619 3305 698 3340 vale
713 3304 756 3340 of
769 3304 966 3346 Halsinton,
986 3305 1102 3341 which
1124 3306 1170 3341 he
1191 3306 1263 3342 had
1277 3306 1443 3342 obtained
1464 3305 1553 3342 from
1573 3305 1626 3342 Sir
1643 3305 1777 3342 Robert
1793 3305 1838 3341 de
1857 3304 2052 3350 Musenmp.
2102 3302 2273 3338 Maton‘e
2288 3301 2441 3338 Monesi.
2462 3302 2550 3338 Ann.

617 3373 651 3408 p.
671 3363 750 3401 266,
771 3361 875 3405 citing
890 3360 952 3395 the
972 3360 1151 3406 cartulary
1168 3361 1209 3396 os
1223 3361 1386 3402 Meli-ose,
1406 3360 1465 3396 sol.
1485 3362 1542 3402 74,
1561 3361 1596 3396 b.

2630 1756 2688 1790 fol.
2704 1759 2762 1791 53.
