2904 3886
348 471 480 521 A.D.
523 474 663 520 1245.
813 468 1238 519 CHRONICA
1284 468 1385 517 DE
1432 467 1818 517 MAILROS.
2194 471 2285 525 167

345 614 494 662 sancti
521 612 764 662 Theodori
788 612 990 660 diacono
1014 610 1256 666 cardinali,
1275 609 1530 675 apostolice
1547 609 1669 658 sedis
1690 610 1869 675 legato,
1893 609 2044 658 felicis
2067 609 2282 658 recorda-

343 694 484 742 tionis
527 692 803 741 Innocentio
843 690 1151 756 predeceffori
1191 689 1346 738 nostro
1381 697 1430 738 et
1466 689 1798 738 successoribus
1833 689 1874 754 ej
1882 705 1951 744 us,
1989 689 2279 756 ecclesieque

347 771 580 828 Romane,
604 789 689 837 pro
713 770 1004 820 conceffione
1028 769 1161 835 regni
1191 769 1380 818 Scicilie
1404 769 1466 817 ab
1489 769 1660 817 eadem
1678 768 1873 817 ecclesia
1896 768 1979 817 fibi
2002 770 2150 825 faeta,
2169 769 2281 818 fide—

342 853 488 901 litatis
510 851 722 917 praestitit
739 851 1077 915 juramentum,
1102 856 1150 897 et
1172 847 1287 897 ficut
1311 849 1481 896 dicitur
1510 848 1626 896 illud
1656 848 1782 896 idem
1813 848 2061 913 postquam
2086 849 2147 897 ad
2171 866 2282 898 ean-

342 930 452 980 dem
477 931 759 996 dignitatem
793 929 977 978 electus
1011 928 1180 983 extitit,
1215 927 1344 975 venit
1367 927 1430 975 ad
1452 927 1618 976 urbem
1642 943 1801 975 coram
1833 927 2003 975 eodem
2027 927 2072 977 J.
2099 929 2281 994 suisque

341 1010 564 1059 fratribus
579 1010 774 1074 aliisque
791 1007 951 1056 multis
968 1006 1275 1072 praesentibus
1291 1006 1458 1071 ligium
1475 1006 1735 1054 hominium
1754 1007 1801 1054 in
1818 1007 1920 1071 ejus
1937 1008 2118 1056 faciens
2135 1010 2282 1057 mani·

341 1090 430 1138 bus
449 1088 703 1137 innovavit.
742 1087 933 1135 Deinde
952 1102 1060 1134 cum
1083 1086 1132 1133 in
1150 1085 1454 1133 Allemannia
1472 1084 1600 1140 effet,
1617 1085 1772 1133 eidem
1791 1085 1837 1133 J.
1855 1093 1903 1133 et
1921 1087 2018 1150 ipso
2037 1087 2281 1143 defuncto,

342 1169 466 1217 bone
489 1167 715 1216 memorie
732 1165 947 1214 Honorio
965 1181 1090 1230 pape
1115 1172 1163 1212 et
1181 1164 1282 1229 ejus
1301 1163 1634 1212 successoribus
1654 1181 1710 1212 ac
1734 1164 1816 1229 ipfi
1835 1165 2028 1214 ecclesie
2050 1166 2282 1222 Romane,

340 1246 628 1313 principibus
653 1245 834 1311 imperii
869 1243 1175 1310 praesentibus
1199 1251 1344 1309 atque
1367 1243 1619 1299 nobilibus,
1649 1244 1825 1308 juravit
1856 1244 2074 1300 honores,
2104 1246 2213 1310 jura
2237 1256 2284 1294 et

339 1326 636 1392 pofl'efliones
657 1325 875 1374 Romane
894 1323 1088 1373 ecclesie
1113 1341 1197 1389 pro
1220 1324 1348 1389 pofl'e
1372 1325 1455 1372 suo
1473 1325 1655 1372 servare
1675 1341 1731 1372 ac
1756 1331 2006 1390 protegere
2031 1325 2158 1374 bona
2175 1326 2283 1381 fide,

341 1415 390 1455 et
414 1422 729 1472 quaecumque
755 1405 816 1453 ad
846 1421 1014 1452 manus
1045 1405 1152 1452 suas
1176 1403 1450 1452 devenirent
1481 1403 1576 1451 fine
1600 1403 1876 1452 difficultate
1908 1404 2149 1453 restituere
2181 1423 2284 1470 pro-

342 1494 543 1541 curaret,
562 1485 815 1533 nominatis
834 1484 975 1532 dietis
991 1482 1342 1549 poffeffionibus
1360 1483 1407 1530 in
1425 1482 1690 1547 hujusmodi
1709 1483 1996 1547 juramento,
2016 1484 2144 1548 quod
2164 1486 2284 1550 post-

341 1565 536 1614 modum
574 1564 865 1613 confirmavit
902 1579 1126 1611 coronam
1157 1563 1338 1627 imperii
1374 1562 1477 1627 jam
1515 1562 1730 1627 adeptus.
1807 1562 1904 1610 Sed
1941 1564 2108 1612 horum
2145 1566 2285 1612 trium

337 1646 715 1710 juramentorum
738 1643 1014 1691 temerarius
1039 1642 1192 1690 extitit
1215 1642 1429 1697 violator,
1453 1658 1544 1690 nec
1566 1641 1662 1689 fine
1686 1641 1963 1706 proditionis
1981 1651 2094 1693 nota
2120 1652 2167 1692 et
2191 1645 2284 1693 lese

343 1725 535 1773 crimine
560 1723 833 1788 majestatis.
904 1721 1034 1770 Nam
1057 1729 1220 1770 contra
1245 1722 1494 1786 praefatum
1518 1721 1902 1786 praedecefforem
1926 1723 2132 1771 nostrum
2155 1723 2217 1772 G.
2239 1732 2285 1771 et

343 1805 510 1852 fratres
533 1803 635 1867 ejus
654 1802 1034 1850 comminatorias
1059 1801 1217 1849 literas
1236 1801 1410 1848 eisdem
1428 1800 1650 1849 fratribus
1669 1800 1917 1857 destinare,
1944 1819 2000 1850 ac
2018 1802 2199 1850 dictum
2222 1804 2284 1851 G.

346 1883 474 1947 apud
497 1883 665 1930 fratres
688 1883 810 1936 suos,
834 1880 949 1929 ficut
974 1888 1171 1945 apparet
1195 1897 1279 1944 per
1301 1880 1461 1928 literas
1486 1880 1547 1928 ab
1572 1898 1630 1928 eo
1655 1890 1768 1930 tunc
1793 1882 1999 1930 directas
2024 1882 2214 1937 eisdem,
2240 1892 2287 1930 et

346 1962 490 2010 etiam
515 1968 567 2009 ut
590 1962 736 2009 fertur
761 1977 843 2025 per
866 1961 1131 2008 universum
1149 1960 1249 2008 fere
1273 1959 1436 2007 orbem
1456 1967 1683 2008 terrarum
1708 1961 2025 2026 multipliciter
2045 1961 2286 2010 defamare

346 2040 614 2106 praesumfit.
653 2040 989 2088 Venerabilem
1007 2056 1117 2087 vero
1141 2039 1335 2087 fratrem
1358 2039 1564 2086 nostrum
1584 2040 1643 2087 O.
1666 2041 1987 2095 Portuensem,
2006 2049 2118 2088 tunc
2137 2042 2285 2090 sancti

349 2119 400 2168 N
402 2120 540 2168 icolai
565 2120 611 2167 in
636 2136 825 2167 carcere
846 2119 1069 2167 Tulliano
1095 2118 1348 2166 diaconum
1371 2118 1676 2175 cardinalem,
1702 2128 1749 2168 et
1774 2120 1898 2167 bone
1922 2121 2147 2168 memorie
2166 2121 2287 2168 Prae—

349 2200 582 2248 nestinum
617 2199 876 2264 episcopos,
913 2198 1168 2263 apostolice
1199 2198 1321 2246 sedis
1354 2198 1556 2263 legatos,
1591 2199 1769 2247 nobilia
1804 2207 1852 2247 et
1886 2216 2063 2264 magna
2095 2200 2288 2248 ecclefie

351 2279 569 2328 Romane
603 2278 817 2328 membra
847 2278 1152 2343 personaliter
1183 2278 1288 2343 capi
1326 2278 1455 2333 fecit,
1489 2286 1538 2325 et
1570 2278 1706 2327 bonis
1738 2279 1956 2327 omnibus
1987 2280 2208 2343 spoliatos
2234 2298 2288 2328 ac

349 2375 434 2423 per
458 2358 639 2406 diversa
661 2358 768 2406 loca
798 2374 895 2406 non
925 2357 1069 2405 semel
1101 2357 1411 2422 ignominiose
1447 2357 1680 2406 dedufiffls
1716 2358 1982 2406 carceribus
2013 2360 2286 2423 mancipari.

354 2437 660 2501 Privilegium
695 2437 881 2501 insuper
916 2436 1045 2501 quod
1082 2435 1225 2484 beato
1257 2435 1399 2484 Petro
1437 2444 1485 2484 et
1521 2437 1854 2485 successoribus
1891 2438 1938 2484 in
1970 2438 2067 2502 ipso
2099 2438 2289 2486 tradidit

352 2516 571 2564 dominus
599 2515 734 2564 Jesus
761 2515 988 2570 Christus,
1012 2514 1248 2570 videlicet,
1285 2515 1665 2580 “quodcumque
1699 2516 1919 2581 ligaveris
1949 2517 2084 2580 super
2115 2525 2287 2564 terram

351 2597 439 2644 erit
470 2596 671 2660 ligatum
702 2602 750 2643 et
781 2595 829 2642 in
861 2594 989 2650 celo;
1021 2601 1068 2642 et
1092 2593 1428 2658 quodcumque
1460 2595 1663 2650 solveris,
1689 2596 1775 2643 erit
1798 2596 2166 2650 solutum,’'—in
2191 2614 2286 2661 quo

351 2676 516 2739 utique
548 2674 806 2723 auctoritas
830 2681 878 2721 et
901 2673 1108 2738 potestas
1131 2672 1326 2721 ecclefie
1352 2673 1570 2722 Romane
1595 2674 1811 2730 confistit,
1836 2691 1931 2739 quo
1956 2674 2129 2723 viribus
2154 2676 2285 2724 dimi-

351 2770 513 2809 nuere,
537 2753 611 2802 vel
640 2752 723 2818 ipfi
754 2751 948 2801 ecclefie
979 2753 1163 2800 auferre
1194 2753 1386 2818 sategit3
1417 2753 1622 2801 scribens
1652 2755 1700 2801 se
1735 2755 1918 2818 praefati
1946 2754 2009 2802 G.
2035 2755 2287 2805 sententias

351 2850 446 2881 non
480 2833 646 2888 vereri,
677 2833 823 2880 latam
859 2831 920 2880 ab
955 2848 1013 2879 eo
1046 2832 1581 2880 excommunicationem
1612 2833 1659 2879 in
1690 2833 1839 2897 ipsum
1870 2850 1965 2881 non
1997 2833 2145 2881 solum
2177 2852 2286 2883 con-

351 2913 510 2961 temtis
534 2911 728 2961 ecclesie
764 2910 974 2960 clavibus
1007 2927 1103 2959 non
1137 2910 1381 2966 servando,
1416 2927 1577 2959 verum
1610 2912 1752 2959 etiam
1787 2929 1870 2976 per
1904 2913 1951 2960 se
1982 2930 2039 2961 ac
2063 2914 2287 2964 officiales

350 2993 458 3040 suos
482 2999 530 3040 et
554 2992 683 3039 illam
717 2998 765 3039 et
799 2980 916 3039 alias
951 2989 1451 3038 excommunicationis
1485 2990 1560 3038 vel
1595 2991 1831 3039 interdisti
1867 2992 2136 3048 sententias,
2168 3010 2286 3058 quas

349 3071 478 3120 idem
501 3071 692 3119 omnino
716 3068 1008 3134 contempsit,
1027 3068 1244 3134 cogendo
1264 3069 1380 3117 alios
1403 3085 1498 3116 non
1516 3070 1712 3118 servare.
1769 3069 2071 3120 Poffefliones
2095 3089 2285 3138 quoque

355 3149 571 3199 Romane
595 3149 806 3205 ecclefie,
825 3149 1043 3198 videlicet
1063 3148 1346 3203 Marchiam,
1367 3148 1592 3196 ducatum
1614 3148 1958 3205 Boneventum,
1976 3151 2113 3216 'cujus
2135 3160 2285 3201 turres

142 3232 202 3268 fol.
220 3235 279 3268 ⁵⁰·
352 3237 401 3279 et
422 3247 582 3279 muros
604 3230 725 3279 dirui
758 3229 887 3284 fecit,
925 3245 981 3276 ac
1006 3228 1122 3276 alias
1145 3245 1264 3292 quas
1299 3228 1346 3275 in
1374 3227 1531 3276 Tuffie
1569 3245 1624 3276 ac
1653 3228 1941 3278 Lumbardie
1976 3231 2203 3295 partibus,
2228 3249 2284 3280 ac
