2852 3874
583 506 674 550 112
1040 497 1460 548 CHRONICA
1501 496 1602 545 DE
1651 495 2035 546 MAILROS.
2193 499 2326 548 A.D.
2358 505 2500 549 1211.

585 661 613 691 a
636 645 682 692 se
706 642 965 706 abigenteS,
988 638 1118 685 suam
1141 637 1351 685 volentes
1368 635 1666 691 constituere,
1685 635 1918 684 catholice
1933 635 2044 684 fidei
2063 636 2340 702 religionem
2355 642 2502 689 mani-

583 721 699 769 festa
717 717 1035 784 persecutione
1058 715 1470 779 impugnaverant;
1495 730 1553 762 ex
1576 712 1869 778 persuasione
1893 713 2147 778 apostolice
2171 715 2511 767 admonitionis.

584 808 632 847 et
655 800 820 846 virtute
842 793 969 843 verbi
993 794 1147 842 divine
1181 792 1540 857 praedicationis,
1564 792 1645 840 sed
1667 799 1715 840 et
1750 791 2066 857 principaliter
2089 809 2148 841 ex
2171 794 2326 859 gratia
2347 795 2503 845 divine

582 873 901 939 inspirationis,
926 871 1206 920 unanimiter
1236 878 1399 928 contra
1429 870 1680 936 praediEtos
1704 870 1859 919 divine
1890 871 2010 937 legis
2033 871 2258 922 derisores
2286 890 2383 922 non
2404 891 2502 923 mo-

582 955 686 1001 dica
709 952 845 1000 turba
866 951 1073 1000 fidelium
1096 951 1143 998 in
1167 949 1377 1015 partibus
1401 949 1668 998 coadunata
1692 950 1759 998 est
1785 949 2081 1006 Tholosanis,
2105 967 2215 1016 que,
2239 951 2394 1002 divine
2417 954 2502 1002 vir-

581 1032 690 1080 tutis
715 1030 1025 1096 dispositione,
1050 1030 1097 1078 in
1122 1029 1247 1077 acies
1271 1029 1527 1094 dispartita,
1546 1045 1742 1094 pungna
1759 1029 2005 1094 campestri
2024 1030 2213 1094 qualem
2230 1047 2325 1079 non
2342 1033 2502 1081 memi-

579 1112 644 1158 nit
668 1120 768 1159 etas
793 1109 1096 1175 praesencium
1119 1107 1375 1156 infidelium
1397 1108 1600 1173 stragem
1624 1107 1870 1156 dederunt.
1943 1107 2052 1158 Hoc
2076 1117 2235 1158 autem

875 1267 1077 1315 Factum
1101 1266 1167 1315 est
1191 1283 1314 1314 anno
1338 1266 1544 1315 milleno.
1571 1266 1643 1314 bis
1667 1273 1868 1314 centeno
1892 1266 2177 1321 monodeno,

875 1345 1235 1410 Septembrique
1259 1345 1351 1394 die.
1377 1352 1545 1409 quarta
1568 1345 1671 1409 post
1693 1344 1811 1393 festa
1836 1344 2009 1400 Marie,

578 1505 659 1554 sub
684 1506 803 1554 duce
826 1502 1202 1552 Christianiflimo
1221 1511 1269 1551 et
1287 1503 1458 1551 comite
1474 1501 1764 1550 invictissimo
1789 1501 1997 1556 Simone,
2017 1501 2146 1550 dicto
2165 1503 2225 1550 de
2245 1502 2500 1553 Munford¹²

575 1585 647 1633 vel
672 1585 731 1633 de
758 1583 1041 1638 Rocheford,
1077 1582 1157 1647 qui
1182 1582 1371 1630 eosdem
1402 1598 1431 1629 a
1461 1581 1688 1645 principio
1713 1579 2110 1629 vehementissimo
2132 1581 2315 1630 fervore
2350 1584 2499 1647 perse-

575 1675 747 1727 quutus
771 1662 852 1711 est.

640 1741 748 1789 Hac
771 1741 913 1789 etiam
936 1741 1011 1788 vix
1033 1741 1164 1788 finita
1195 1748 1242 1788 et
1266 1739 1438 1788 cassata
1470 1737 1837 1804 perturbatione,
1874 1746 1921 1787 et
1952 1754 2065 1787 ecce
2100 1755 2264 1788 recens
2295 1739 2499 1806 subrepit

578 1820 942 1869 Christianorum
961 1819 1148 1868 aliunde
1172 1818 1433 1884 persecutio
1453 1819 1462 1866 l
1516 1818 1785 1882 Impetuosa
1808 1817 1932 1865 enim
1957 1824 2005 1865 et
2028 1818 2339 1883 ignominiosa
2361 1819 2500 1867 turba

573 1915 864 1963 paganorum
888 1915 995 1946 cum
1019 1897 1155 1946 classe
1179 1914 1273 1945 non
1307 1897 1495 1945 modica
1518 1913 1600 1960 per
1628 1896 1766 1943 litora
1791 1894 2033 1961 Hyspanie
2071 1897 2379 1961 applicuerat,
2416 1899 2497 1963 qui

573 1986 620 2024 et
658 1977 944 2025 Christianos
979 1976 1040 2024 ad
1074 1975 1384 2039 proeliandum
1408 1975 1733 2023 invitaverunt.
1807 1974 1862 2021 In
1898 1991 2017 2038 quos
2045 1992 2125 2022 rex
2148 1977 2494 2040 magnanimus,

574 2055 854 2119 cognomine
877 2062 1035 2102 tamen
1067 2071 1147 2102 rex
1170 2070 1355 2120 parvus,
1381 2070 1489 2101 cum
1513 2052 1908 2101 commilitonibus
1939 2053 2031 2102 suis
2061 2054 2304 2119 insurgens
2327 2055 2497 2103 virtute

574 2134 729 2180 divina
762 2134 861 2181 sere
893 2149 1054 2181 omnes
1078 2132 1423 2196 conquaffavit;
1458 2131 1534 2179 vix
1558 2131 1683 2179 enim
1717 2147 1798 2179 rex
1833 2139 1880 2179 et
1910 2132 2126 2197 princeps
2157 2149 2319 2181 eorum
2343 2133 2497 2183 dictus

574 2213 632 2259 de
659 2211 891 2266 Mairhoc,
916 2228 1022 2259 cum
1046 2211 1249 2259 maxima
1274 2210 1535 2275 ignominia
1558 2210 1688 2259 vivus
1713 2209 1901 2258 evafit.W

643 2289 744 2338 Rex
782 2297 939 2338 autem
977 2289 1148 2344 Gallie,
1173 2297 1342 2338 terram
1377 2289 1500 2354 regis
1527 2289 1703 2354 Anglie
1737 2289 1784 2336 in
1818 2290 2132 2338 transmarinis
2170 2291 2380 2357 partibus
2414 2292 2496 2340 fibi

574 2368 883 2433 subjugando,
902 2385 996 2416 non
1013 2368 1249 2416 modicum
1267 2368 1542 2433 sanguinem
1561 2367 1762 2415 effudit.x
1800 2368 2099 2417 Confimilem
2118 2377 2276 2417 autern
2294 2370 2497 2436 stragem

574 2464 652 2494 rex
671 2446 862 2512 Anglie,
878 2454 1047 2495 terram
1068 2446 1310 2511 Hybernie
1334 2454 1381 2494 et
1403 2446 1571 2494 Wales
1593 2446 1675 2494 fibi
1700 2446 2011 2512 subjugando,
2036 2449 2359 2512 perpetravit.y
2398 2449 2495 2498 Sed

573 2534 621 2572 et
644 2542 723 2573 rex
753 2525 911 2574 Scotie
934 2525 1079 2572 filium
1113 2525 1443 2580 Macwillelmi,
1473 2524 1689 2574 Guthred
1713 2525 1901 2582 scilicet,
1926 2527 2247 2592 persequendo
2270 2529 2496 2593 proprios·

573 2621 665 2668 que
688 2603 958 2653 sedu&ores
982 2603 1277 2659 destruendo,
1301 2603 1553 2651 multorum
1578 2604 1809 2652 cadavera
1832 2605 2088 2653 inanimata
2111 2606 2334 2670 reliquit.z

641 2684 781 2731 Anno
799 2683 1011 2747 M.cc.xij.
1038 2682 1150 2730 exiit
1173 2699 1202 2730 a
1225 2683 1402 2730 summo
1426 2683 1646 2747 pontifice
1670 2682 1952 2731 Innocencio
1976 2685 2198 2748 generale
2221 2686 2496 2734 mandatum

574 2763 619 2809 in
643 2777 830 2810 omnem
851 2761 1114 2810 Christiane
1137 2760 1424 2825 profeffionis
1447 2761 1705 2825 regionem,
1736 2769 1789 2810 ut
1811 2762 1939 2810 omni
1963 2762 2165 2812 ceffante
2197 2764 2497 2814 excusatione

573 2840 766 2888 univerfi
780 2839 1077 2890 ecclefiarum
1091 2840 1297 2906 pastores
1307 2840 1368 2888 ad
1385 2840 1633 2889 terminum
1642 2840 1883 2905 prefixum,
1899 2841 2073 2890 scilicet
2089 2858 2213 2891 anno
2223 2851 2492 2907 M?.cc⁰.xv⁰.

635 2979 651 2993 ¹¹
673 2980 739 3015 See
751 2981 869 3027 Dugd.
889 2982 973 3016 Bar.
986 2981 1008 3015 i.
1028 2980 1115 3021 7523
1142 2981 1242 3027 Velly,
1255 2980 1301 3015 iii.
1320 2983 1400 3015 456.
1546 2979 1568 2994 '
1588 2981 1750 3022 Henault,
1763 2993 1799 3027 p.
1817 2983 1895 3016 144.
1923 2981 2011 3017 This
2028 2982 2162 3028 victory
2177 2993 2249 3018 was
2263 2981 2388 3028 gained
2397 2992 2494 3027 upon

576 3034 659 3068 12th
675 3034 767 3080 July,
790 3037 891 3076 1212,
910 3036 957 3081 by
976 3035 1160 3081 Alphonso
1180 3035 1248 3071 IX.
1266 3035 1348 3081 king
1364 3034 1406 3070 os
1415 3035 1569 3076 Castille,
1587 3035 1693 3070 Peter
1712 3036 1761 3071 11.
1781 3035 1865 3082 king
1880 3035 1922 3071 os
1935 3036 2103 3082 Arragon,
2118 3037 2189 3072 and
2207 3035 2347 3073 Sancho
2365 3035 2394 3071 1.
2411 3035 2494 3081 king

575 3088 616 3122 os
629 3088 802 3128 Navarre3
828 3101 887 3124 see
903 3090 976 3125 also
995 3092 1183 3137 Knyghton,
1203 3091 1269 3126 col.
1289 3093 1393 3126 2418.
1464 3091 1582 3126 Trivet
1599 3090 1724 3126 relates
1740 3091 1818 3126 that
1833 3091 1896 3127 the
1911 3091 1994 3138 king
2009 3091 2052 3127 of
2063 3092 2220 3138 Ari-agon
2235 3097 2315 3127 sent
2329 3102 2368 3126 as
2384 3102 2407 3126 a
2421 3097 2494 3126 tro-

498 3142 501 3145 '
575 3142 647 3188 phy
663 3142 704 3176 of
714 3143 767 3177 his
784 3144 927 3190 victory,
946 3151 984 3179 to
1000 3145 1062 3180 the
1079 3157 1182 3191 pope,
1201 3145 1263 3180 the
1279 3145 1380 3181 lance
1396 3145 1467 3180 and
1482 3146 1648 3180 standard
1665 3145 1708 3180 of
1722 3145 1995 3187 Meramomelim
2014 3157 2050 3192 p.
2071 3148 2151 3195 1553
2295 3144 2312 3160 ¹
2328 3145 2490 3186 HenauIt,

574 3208 609 3241 p.
632 3199 715 3236 144;
742 3197 840 3244 Velly,
858 3199 903 3233 iii.
921 3200 1008 3240 4673
1036 3199 1156 3241 L'Art,
1174 3200 1197 3235 i.
1216 3202 1298 3235 581.
1427 3199 1443 3220 ’
1469 3201 1658 3247 Knyghtom
1677 3200 1744 3234 col.
1762 3203 1874 3242 241&
1899 3200 1960 3237 M
1979 3202 2091 3242 Paris,
2109 3211 2145 3247 p.
2166 3202 2244 3236 160.
2405 3201 2492 3235 For-

574 3252 653 3291 dun,
672 3251 695 3286 i.
714 3254 794 3293 531,
813 3253 841 3287 is
858 3264 952 3289 more
969 3254 1112 3300 copious
1127 3254 1163 3290 in
1180 3254 1234 3290 his
1251 3260 1401 3291 account
1416 3254 1458 3290 of
1466 3254 1537 3290 this
1551 3255 1790 3291 insurrection.
