2846 3874
565 480 655 524 138
1034 470 1458 521 CHRONICA
1503 469 1604 518 DE
1651 469 2031 520 MAILROS.
2179 472 2310 520 A.D.
2353 477 2493 537 1221.

627 615 768 663 Anno
804 611 980 660 domini
1014 610 1241 673 m.cc.xxj.
1283 607 1505 673 magister
1542 607 1769 663 Jacobus,
1807 609 2062 657 canonicus
2099 610 2249 659 sancti
2284 610 2494 661 Uic‘toris

563 694 778 747 Parifius,
804 689 1058 755 apostolice
1081 688 1202 736 sedis
1225 687 1559 752 penitentialiS‚
1584 687 1744 736 Scotie
1768 695 1816 736 et
1837 686 2082 752 Hybernie
2105 688 2309 754 legatus,
2328 706 2497 739 convo-

560 774 676 821 catis
700 771 842 819 totius
866 768 999 834 regni
1031 767 1251 832 praelatis,
1277 766 1404 831 apud
1431 766 1542 814 Pert
1573 766 1724 814 tenuit
1755 767 1979 832 generale
2003 767 2270 824 concilium,
2295 777 2498 834 quatuor
2570 775 2630 811 fol·
2650 779 2707 811 38·

560 852 725 899 diebus
750 848 999 902 continuis,
1024 847 1253 912 incipiens
1277 845 1338 894 ab
1362 846 1545 894 octavis
1568 846 1932 911 purificationis⁸
1959 846 2100 911 [Feb.
2126 847 2199 912 9].

627 929 861 977 Dominus
896 926 1168 975 Alexander
1202 943 1283 974 rex
1313 926 1583 974 Scottorum
1618 926 1695 974 die
1726 925 1908 975 sabbati
1939 927 2153 992 proxima
2187 935 2297 977 ante
2331 929 2502 978 festum

559 1010 705 1058 sancti
731 1007 962 1056 Johannis
986 1006 1186 1071 baptiste
1216 1005 1265 1070 [J
1270 1022 1348 1053 un.
1380 1005 1479 1070 19],
1506 1006 1632 1070 apud
1659 1005 1930 1054 Eboracum
1955 1005 2156 1055 afi'umfit
2178 1006 2261 1055 fibi
2285 1008 2499 1073 reginam

558 1089 747 1136 nomine
767 1087 795 1136 J
799 1086 1214 1142 ohannam,·filiam
1233 1085 1262 1134 J
1265 1085 1463 1133 ohannis
1487 1086 1628 1150 regis,
1653 1093 1701 1133 et
1719 1086 1922 1134 sororem
1943 1085 2137 1135 Henrici
2156 1088 2281 1152 regis
2302 1086 2495 1153 Anglie,

559 1178 606 1217 et
644 1168 891 1216 celebratis
928 1165 1284 1231 splendidiffime
1319 1173 1457 1229 prout
1494 1165 1653 1213 decuit
1690 1165 1887 1230 nupciis,
1921 1166 2239 1214 exultantibus
2275 1167 2496 1215 univerfis

558 1249 795 1312 utriusque
820 1246 952 1312 regni
977 1245 1226 1310 indigenis,
1252 1244 1447 1292 adduxit
1471 1262 1576 1292 earn
1601 1245 1648 1292 in
1679 1244 1936 1293 Scociam.b

625 1328 706 1392 iiij.
732 1343 882 1374 nonas
904 1325 1106 1390 Augusti
1136 1324 1288 1389 [Aug.
1310 1324 1361 1389 2]
1391 1323 1506 1371 obiit
1531 1324 1763 1388 dompnus
1785 1324 2014 1372 Ricardus
2039 1324 2187 1372 abbas
2211 1325 2270 1372 de
2294 1325 2494 1381 Kelcou,

558 1408 633 1455 cui
658 1406 865 1455 successit
890 1406 1122 1469 dompnus
1149 1403 1412 1451 Herbertus
1439 1403 1671 1457 MaunseL
1698 1403 1972 1451 secretarius
1997 1404 2207 1467 ejusdem
2231 1404 2414 1453 domus.

627 1486 759 1534 Obiit
787 1485 1030 1549 Philippus
1055 1485 1114 1531 de
1145 1483 1325 1531 Stichil.

625 1566 810 1613 Eodem
853 1580 975 1611 anno
1013 1562 1184 1610 tradita
1225 1561 1293 1610 est
1329 1561 1520 1608 domina
1561 1560 1872 1625 Margareta,‘²
1912 1561 2007 1608 filia
2047 1561 2123 1625 pie
2161 1562 2497 1610 recordationis

561 1645 787 1693 Willelmi
820 1643 943 1708 regis
974 1642 1149 1696 Scotie,
1183 1649 1229 1688 et
1255 1642 1378 1688 soror
1402 1640 1579 1687 domini
1606 1639 1865 1688 Alexandri
1893 1640 2034 1705 regis,
2060 1640 2250 1688 domino
2278 1640 2496 1690 Huberto

559 1726 616 1772 de
652 1723 819 1778 Burc,d
843 1722 1100 1786 justiciario
1128 1720 1319 1786 Anglie,
1356 1720 1529 1767 scilicet
1562 1727 1610 1767 et
1640 1720 1815 1775 Scotie,
1847 1736 1930 1784 per
1955 1720 2227 1768 consensum
2258 1721 2496 1786 utriusque

557 1805 695 1869 regis,
725 1802 900 1867 Anglie
925 1801 1098 1849 scilicet
1123 1808 1170 1848 et
1200 1800 1376 1854 Scotie,
1402 1807 1449 1847 et
1474 1798 1714 1847 confilium
1737 1806 2016 1864 magnatum
2040 1800 2280 1865 utriusque
2305 1802 2453 1867 regni.

627 1883 811 1931 Eodem
837 1898 960 1928 anno
986 1880 1148 1928 civitas
1174 1879 1252 1927 illa
1276 1879 1457 1926 famosa
1481 1895 1574 1942 que
1600 1879 1768 1926 dicitur
1794 1878 2057 1934 Darnieta,e
2080 1896 2229 1943 nuper
2254 1897 2293 1927 a.
2311 1880 2495 1928 Christo

562 1961 836 2010 Christianis
862 1959 1107 2023 adquifita,
1140 1959 1220 2006 sed
1245 1958 1305 2005 ab
1330 1958 1504 2005 eisdem
1536 1958 1673 2005 nimis
1698 1958 1927 2006 enerviter
1950 1965 1997 2006 et
2025 1959 2322 2023 negligenter
2346 1960 2495 2007 custo-

559 2043 672 2095 dita,
698 2042 866 2088 iterum
896 2056 924 2086 a
947 2038 1146 2103 paganis
1171 2037 1238 2086 est
1261 2036 1454 2091 obsefl‘a,
1480 2044 1527 2084 et
1562 2037 1610 2084 in
1634 2037 1793 2101 vigilia
1818 2037 2142 2086 decollationis
2168 2037 2293 2086 beati
2318 2038 2493 2086 Johan-

558 2122 630 2168 nis
655 2119 854 2183 baptiste
883 2117 1037 2182 [Aug.
1064 2117 1170 2181 28],
1197 2117 1255 2164 de
1280 2116 1510 2180 potestate
1539 2115 1907 2163 Christianorum
1931 2116 2118 2180 penitus
2143 2116 2316 2165 ablata.
2380 2118 2494 2174 Qui-

561 2201 647 2247 bus
671 2207 830 2246 tamen
855 2197 1047 2252 meritis,
1067 2197 1139 2244 vel
1165 2213 1260 2260 quo
1282 2195 1379 2243 Dei
1397 2195 1578 2260 judicio
1602 2195 1693 2243 hoc
1717 2196 1939 2251 evenerit,
1959 2196 2215 2260 ignoratur.
2266 2196 2494 2252 Maxime,

560 2296 667 2326 curn
687 2279 787 2342 jam
812 2285 924 2324 tunc
949 2277 995 2323 in
1021 2276 1150 2323 dicta
1175 2275 1363 2323 civitate
1389 2275 1530 2322 divini
1557 2275 1709 2323 cultus
1733 2275 2012 2323 excellentia
2035 2276 2287 2340 magnifice
2306 2285 2496 2341 ceperat

561 2358 770 2407 exaltari.
821 2356 988 2404 Novus
1012 2355 1239 2419 fiquidem
1264 2354 1508 2418 episcopus
1533 2354 1580 2401 in
1604 2354 1702 2418 ipsa
1726 2354 1915 2402 civitate
1934 2354 2175 2403 ordinatus
2199 2355 2325 2403 mille
2349 2356 2496 2403 talen-

561 2447 713 2485 torum
746 2435 953 2484 redditus
984 2434 1213 2489 habebat;
1261 2440 1474 2498 preterea
1502 2433 1563 2480 xl.
1598 2433 1812 2494 canonici
1844 2441 1977 2482 erant
2009 2434 2055 2481 in
2089 2434 2257 2482 eadem
2290 2434 2495 2490 civitate,

561 2533 759 2581 quorum
784 2514 981 2579 quilibet
1006 2522 1195 2562 centum
1219 2512 1427 2560 habebat
1450 2513 1630 2560 talenta
1653 2529 1735 2577 per
1760 2529 1951 2561 annum.

630 2596 772 2643 Anno
807 2593 1002 2642 Domini
1033 2592 1276 2656 M.cc.xxij.
1315 2591 1431 2639 obiit
1462 2591 1644 2640 Bricius
1675 2591 1969 2640 Mureuenfis
2001 2592 2262 2658 episcopus,
2292 2593 2367 2640 cui
2399 2594 2496 2641 suc-

562 2675 686 2722 ceffit
710 2673 930 2739 magister
957 2671 1173 2719 Andreas
1198 2671 1256 2719 de
1283 2671 1519 2719 Mureuia.

631 2753 763 2801 Obiit
796 2753 1028 2817 dompnus
1055 2750 1325 2799 Alexander
1358 2750 1505 2798 abbas
1539 2750 1599 2798 de
1633 2750 1748 2806 Der,
1783 2751 1831 2799 in
1865 2750 2030 2799 itinere
2054 2752 2210 2800 versus
2241 2751 2497 2816 capitulum

564 2833 784 2898 generale
809 2832 936 2897 apud
961 2831 1148 2879 Vallem
1172 2830 1311 2879 beate
1338 2829 1508 2885 Marie,
1533 2830 1627 2895 viij.
1653 2830 1758 2879 idus
1787 2830 2078 2896 Septembris
2106 2830 2244 2896 [Sep.
2270 2830 2342 2896 6].

627 3042 706 3084 (37)
733 3040 747 3054 ⁸
776 3041 927 3080 Fordun,
946 3040 980 3074 ii.
999 3043 1058 3075 46.
1229 3039 1244 3059 ¹²
1275 3040 1341 3075 See
1359 3040 1514 3080 Faedera,
1534 3039 1556 3074 i.
1580 3042 1658 3075 165.
1710 3040 1862 3081 For-dun,
1881 3040 2098 3086 incorrectly,
2118 3040 2235 3086 places
2251 3038 2321 3074 this
2338 3043 2444 3073 event
2459 3038 2496 3072 in

568 3097 668 3133 1220.
688 3096 722 3129 ii.
741 3098 806 3135 43;
833 3095 891 3130 M.
909 3097 1019 3137 Paris,
1040 3098 1120 3137 214,
1141 3098 1228 3135 216;
1255 3096 1348 3131 01οκ
1364 3097 1472 3137 Rolls,
1491 3095 1515 3130 i.
1533 3097 1616 3130 462.
1832 3094 1847 3110 ⁶
1877 3095 1910 3130 It
1925 3095 1996 3131 had
2011 3094 2211 3142 previously
2225 3094 2315 3129 been
2329 3092 2497 3128 intended

565 3149 643 3184 that
659 3149 723 3184 she
739 3149 867 3185 should
882 3162 994 3196 marry
1014 3151 1179 3186 Thibaud
1197 3151 1273 3192 IV..
1293 3151 1364 3186 earl
1381 3150 1423 3186 of
1437 3150 1684 3197 Chmpm'gne,
1704 3151 1790 3186 MS.
1811 3151 1914 3186 Harl.
1935 3153 2038 3192 1244,
2060 3150 2130 3186 No.
2149 3152 2184 3191 3,
2211 3160 2251 3183 οι·
2268 3148 2391 3194 Hem-y
2410 3148 2493 3189 ΙΙΙ..

563 3205 645 3250 king
669 3203 710 3239 of
730 3204 899 3250 England,
929 3207 1008 3240 Rot.
1038 3207 1117 3241 Pat.
1145 3208 1225 3240 2lst
1251 3206 1346 3241 Heu.
1376 3206 1446 3241 111.
1472 3207 1580 3241 dorso.
1792 3205 1808 3226 ‘¹
1838 3206 1904 3241 See
1927 3205 2116 3252 Dugdale’e
2138 3204 2328 3250 Baronage,
2355 3203 2378 3238 i.
2405 3206 2494 3243 694;

567 3260 719 3299 For-dun,
739 3258 774 3293 ii.
788 3262 847 3293 44.
979 3259 993 3274 ⁰
1014 3261 1165 3301 Fordun,
1183 3260 1220 3295 ii.
1234 3259 1299 3312 45;
1326 3259 1386 3295 M.
1402 3261 1515 3301 Par-ie,
1534 3271 1570 3306 p.
1584 3261 1666 3300 216,
1685 3259 1804 3295 where
1819 3271 1879 3295 nse
1893 3265 1967 3295 two
1981 3259 2101 3295 letters
2117 3270 2166 3294 on
2181 3258 2244 3294 the
2260 3259 2406 3305 subject,
2426 3258 2496 3294 and

567 3327 589 3350 a
604 3326 700 3351 more
717 3314 855 3350 curious
872 3314 942 3350 and
959 3314 1145 3360 unprinted
1161 3326 1230 3350 one
1245 3314 1283 3350 in
1298 3314 1362 3350 the
1378 3315 1517 3361 ΒΜ
1533 3313 1620 3350 m.
1638 3316 1720 3356 351,
1739 3325 1775 3360 p.
1793 3316 1875 3350 246.
