2852 3874
569 500 640 549 46
1037 493 1458 545 CHRONICA
1501 492 1602 542 DE
1647 489 2034 541 MAILROS.
2176 493 2311 545 ΑΛ).
2353 499 2492 546 1032.

645 630 776 682 Obiit
798 628 995 693 AElffige
1023 624 1354 676 Wintonienfis
1377 625 1637 690 episeopus,
1661 624 1737 672 cui
1760 622 1968 673 suocefflt
1989 622 2241 674 AElfwinus
2261 627 2496 694 preibyter

565 728 625 760 se
677 728 713 759 s.

626 728 781 836 gAnno
803 782 1018 847 mxxxiij.
1043 781 1158 830 obiit
1191 779 1405 829 Leoffius
1427 796 1601 846 magne
1624 779 1863 846 religionis
1890 778 2178 829 Wictiorum
2201 781 2498 848 episcopusfl!

566 866 646 914 ‘cui
670 862 872 913 succeffit
898 860 1202 910 Persorenfis¹
1225 859 1373 908 abbas
1399 858 1687 924 Brithegus.⁸

639 943 778 991 Anno
802 940 1035 1006 M.xxxiiij.
1064 939 1180 988 obiit
1209 939 1492 988 Malcohnus
1527 955 1607 987 rex
1645 938 1914 987 Scottorum
1945 944 1994 986 et
2030 937 2323 988 Dunecanus
2348 955 2496 1005 nepos

571 1022 671 1086 ejus
695 1022 739 1069 ei
762 1019 999 1069 successit.t

638 1100 779 1148 Anno
803 1115 997 1147 M.xxxv.
1038 1097 1223 1145 Cnutus
1251 1113 1332 1144 rex
1363 1095 1627 1161 Anglorum
1662 1102 1773 1143 ante
1802 1095 1935 1143 suum
1962 1094 2145 1143 obitum
2178 1096 2313 1162 super
2342 1096 2495 1147 Nore-

571 1195 721 1243 ganos
760 1178 978 1226 Swanum
1013 1177 1158 1224 filium
1194 1176 1326 1224 suum
1361 1174 1611 1230 constituit,
1647 1175 1782 1239 super
1819 1173 1986 1223 Dauos
2025 1173 2414 1225 Hardecnutumu
2448 1186 2496 1225 et

572 1256 741 1304 Emme
776 1256 936 1320 regine
970 1255 1113 1303 filium
1148 1271 1310 1319 regem
1342 1254 1530 1308 locavit,
1566 1254 1701 1317 super
1735 1252 1919 1318 Anglos
1956 1252 2222 1302 Haroldum
2255 1254 2401 1304 filium
2437 1273 2495 1304 ex

574 1334 878 1383 Hametuenfi
901 1333 1096 1399 AElgiua
1119 1340 1428 1398 procreatum,
1458 1340 1505 1380 et
1528 1332 1690 1397 postea
1713 1332 1761 1397 ij.
1787 1331 1892 1380 idus
1916 1331 2201 1382 Novembris
2230 1333 2377 1398 [Nov.
2409 1334 2490 1400 12]

570 1413 697 1478 apud
727 1412 1085 1461 Scaftelberiam
1116 1412 1211 1460 vita
1243 1411 1445 1466 deceffit,
1478 1418 1525 1459 et
1553 1410 1796 1459 Wintonie
1828 1411 1875 1458 in
1905 1411 2051 1459 veteri
2081 1412 2362 1461 monasterio
2386 1414 2494 1462 satis

571 1492 821 1540 honorifice
845 1492 1113 1539 tumulatur.
1184 1489 1297 1538 Non
1321 1490 1468 1538 multo
1492 1489 1593 1555 post
1617 1497 1793 1544 tamen,
1825 1506 2023 1556 regnum
2050 1490 2225 1555 Anglie
2249 1492 2368 1540 inter
2394 1491 2494 1540 Ha·

570 1571 751 1619 roldum
776 1579 822 1618 et
848 1570 1205 1618 Hardecnutum
1229 1568 1460 1616 dividitur.

638 1649 904 1697 Rodbertus
934 1649 1029 1696 dux
1053 1647 1436 1696 Normannorum
1460 1646 1591 1701 obiit,
1617 1646 1691 1694 cui
1723 1645 1930 1695 succeffit
1953 1646 2074 1695 filius
2098 1647 2200 1712 ejus
2228 1647 2494 1699 Willelmus

569 1726 754 1775 bastard
776 1743 906 1792 puer.

634 1806 774 1854 Anno
798 1806 1009 1870 M.xxxvj.
1035 1806 1306 1854 innocentes
1330 1804 1525 1853 clitones
1546 1803 1790 1852 Alwredus
1814 1812 1861 1852 et
1878 1802 2162 1853 AEdwardus
2185 1806 2309 1870 regis
2326 1805 2493 1872 AEgel—

568 1884 666 1932 redi
701 1885 781 1932 filii
819 1885 879 1932 ad
915 1884 1201 1948 colloquium
1235 1883 1396 1931 matris
1433 1883 1512 1930 sue
1547 1882 1774 1947 Angliam
1805 1882 1864 1930 de
1899 1882 2103 1931 Ricardo
2142 1885 2372 1932 avunculo
2410 1886 2493 1933 suo

569 1971 807 2011 venerunt.
870 1963 1082 2019 Quorum
1105 1962 1252 2010 socios
1277 1978 1435 2009 comes
1457 1960 1714 2008 Godwinus
1733 1961 1960 2025 quosdam
1985 1962 2236 2018 catenavit,
2262 1970 2309 2010 et
2332 1963 2494 2027 postea

568 2043 762 2097 cecavit,
791 2041 1036 2089 nonnullos
1060 2048 1167 2089 cute
1191 2040 1357 2105 capitis
1382 2039 1617 2087 abstracta
1641 2039 1878 2095 cruciavit,
1904 2047 1951 2087 et
1982 2040 2198 2089 manibus
2223 2048 2269 2088 et
2293 2041 2493 2106 pedibus

571 2120 822 2185 amputatis
854 2120 1082 2175 multavit,
1118 2119 1288 2167 multos
1320 2119 1462 2166 etiam
1486 2118 1742 2166 venundari
1774 2118 1902 2174 fecit,
1936 2125 1983 2167 et
2017 2119 2244 2168 mortibus
2268 2121 2405 2169 variis
2438 2138 2494 2170 ae

570 2198 905 2246 miserabilibus
930 2198 1055 2262 apud
1076 2197 1492 2262 Gelgdefordiamy
1515 2198 1756 2245 sexcentos
1780 2197 1901 2245 viros
1925 2198 2110 2246 occidit.
2168 2198 2364 2247 Aluredi
2383 2216 2493 2248 vero

570 2277 746 2332 oculos,
778 2276 948 2325 infidiis
979 2277 1240 2341 intercepti,
1265 2275 1390 2340 juffit
1423 2276 1522 2324 erui
1555 2275 1681 2340 apud
1713 2275 1859 2331 Heli,z
1890 2275 2050 2341 ibique
2082 2294 2175 2324 non
2212 2278 2360 2326 multo
2392 2279 2494 2343 post

571 2363 778 2403 mortuus
802 2356 899 2411 est;
937 2355 1194 2403 Edwardus
1217 2372 1326 2403 vero
1351 2355 1486 2403 rediit
1510 2355 1557 2402 in
1582 2354 1877 2403 Normannia
1900 2372 2007 2403 cum
2031 2356 2341 2406 festinatione.

639 2433 903 2482 Rodbertus
928 2451 1008 2482 rex
1029 2434 1313 2482 Francorum
1336 2434 1456 2482 filius
1478 2433 1699 2498 Hugonis
1723 2434 1875 2490 obiit,a
1898 2434 1974 2482 hic
1998 2435 2161 2483 sancto
2185 2435 2276 2484 fine
2301 2437 2493 2500 quievit,

572 2512 645 2560 cui
670 2512 873 2560 succeffit
899 2511 1161 2561 Henricusb
1183 2513 1303 2561 filius
1327 2513 1443 2577 ejus.

639 2577 779 2626 Anno
810 2578 1037 2642 M.xxxvij.
1078 2577 1317 2626 Haroldus
1351 2594 1434 2626 rex
1460 2576 1750 2626 Merciorum
1779 2586 1826 2626 et
1865 2577 2292 2627 Northumbrorum
2326 2588 2378 2628 ut
2412 2597 2494 2646 per

616 2723 631 2742 ⁴³
653 2723 758 2768 Upon
778 2724 942 2770 Tuesday
958 2724 1018 2759 the
1039 2724 1123 2759 l9th
1140 2725 1181 2759 of
1189 2725 1337 2771 August.
1378 2727 1414 2760 S.
1433 2726 1594 2760 Dunelm.
1614 2725 1680 2760 col.
1703 2726 1781 2764 178.
1925 2725 1938 2741 ¹
1960 2726 2052 2760 Now
2071 2725 2255 2768 Pershore,
2274 2727 2311 2762 in
2331 2727 2495 2764 Worces-

568 2777 723 2812 tershire.
845 2779 857 2795 ⁸
877 2780 1084 2825 Brithtegus‚
1106 2782 1142 2815 S.
1155 2782 1316 2815 Dunelm.
1336 2781 1401 2816 col.
1425 2782 1508 2821 178;
1530 2781 1745 2826 Britheagus,
1764 2781 1899 2822 Diem,
1920 2781 1987 2816 col.
2002 2783 2084 2816 469.
2229 2782 2241 2803 ‘
2258 2783 2325 2818 See
2342 2783 2493 2824 Fordun,

568 2832 590 2866 i.
610 2835 689 2873 230,
710 2835 790 2868 232.
842 2834 992 2869 Duncan
1009 2835 1038 2868 is
1056 2835 1201 2870 omitted
1217 2837 1263 2881 by
1280 2837 1422 2875 Simeon,
1450 2836 1516 2870 col.
1540 2837 1616 2876 178,
1644 2836 1725 2870 who
1750 2836 1866 2882 places
1895 2836 2111 2871 Machethah
2127 2843 2212 2872 next
2226 2837 2263 2872 in
2279 2836 2341 2873 the
2357 2849 2495 2873 succes-

568 2886 655 2921 sion.
823 2887 840 2903 “
862 2889 1124 2924 Hardecnutum
1141 2901 1243 2925 suum
1259 2897 1296 2925 et
1314 2890 1447 2926 Emmae
1463 2890 1588 2936 reginae
1605 2890 1725 2926 filium.
1779 2892 1817 2926 S.
1835 2892 1996 2926 Dunelm.
2016 2891 2082 2926 eol.
2106 2892 2185 2929 179.
2345 2891 2368 2906 '
2388 2892 2495 2938 Upon

573 2942 794 2990 Wednesday
810 2943 870 2980 the
891 2945 974 2980 12th
991 2945 1033 2980 of
1046 2946 1254 2987 November,
1297 2948 1333 2981 S.
1351 2947 1511 2981 Dunelm.
1532 2947 1598 2982 col.
1621 2947 1700 2985 179.
1861 2946 1876 2961 ¹
1894 2947 2069 2988 Alfredus,
2090 2948 2126 2982 S.
2145 2947 2306 2982 Dunelm.
2325 2947 2392 2982 col.
2414 2948 2493 2985 179.

570 2995 584 3015 ’
606 2997 849 3039 Gildefordam,
878 3001 914 3034 S.
932 3001 1092 3036 Dunelm.
1119 3001 1185 3036 col.
1207 3003 1284 3042 179,
1312 3013 1393 3036 now
1414 3001 1584 3043 Guilford,
1609 3002 1647 3037 in
1667 3002 1804 3048 Surrey.
1973 3002 1987 3016 ⁸
2010 3003 2103 3037 Now
2121 3001 2199 3048 Ely,
2222 3001 2259 3036 in
2278 3000 2493 3047 Cambridge.

572 3051 650 3094 (16)
664 3050 678 3065 ⁸
691 3052 820 3088 Robert
835 3054 896 3095 ΙΙ.,
915 3067 980 3090 son
992 3056 1034 3091 of
1047 3056 1154 3102 Hugh
1174 3057 1284 3103 capet
1301 3057 1371 3092 and
1386 3057 1566 3098 Adelm‘de‚
1586 3057 1756 3103 daughter
1769 3057 1973 3095 ofWilliam
1992 3057 2055 3099 ΙΙ.,
2070 3056 2163 3092 duke
2175 3055 2218 3092 of
2226 3056 2411 3103 Guyenne,
2426 3056 2496 3092 and

575 3104 656 3139 Earl
672 3106 713 3140 of
725 3107 861 3149 Poitou,
881 3110 960 3145 died
976 3117 1012 3145 at
1032 3111 1154 3147 Melun
1171 3124 1266 3158 upon
1283 3112 1344 3148 the
1361 3112 1449 3148 20th
1465 3112 1508 3148 of
1525 3110 1609 3158 July
1627 3115 1730 3147 1031.
1779 3112 1900 3154 L’Art,
1917 3112 1940 3147 i.
1959 3114 2040 3153 569,
2058 3114 2142 3147 8vo.
2286 3110 2303 3131 '²
2323 3110 2446 3158 Hem-y
2464 3111 2493 3146 1.

572 3169 643 3194 was
661 3164 882 3198 consecrated
903 3171 939 3199 at
957 3165 1100 3201 Rheims
1117 3178 1164 3202 on
1180 3166 1241 3203 the
1258 3167 1345 3203 24th
1361 3167 1404 3203 of
1418 3167 1502 3214 May
1523 3168 1624 3209 1027,
1645 3168 1715 3204 and
1729 3167 1925 3204 succeeded
1939 3173 1978 3204 to
1994 3166 2056 3202 the
2072 3165 2199 3202 throne
2214 3177 2262 3202 on
2278 3165 2340 3202 the
2356 3166 2444 3202 20th
2459 3166 2503 3202 of

572 3214 653 3260 July
673 3218 773 3251 1031.
800 3218 966 3264 Anquetil,
984 3220 1006 3258 i.
1024 3223 1105 3256 451.
