2852 3874
8 3605 56 3874 &e‘2532‘3³ss''<2'·>
32 3583 33 3586 „
20 3447 21 3450 „

398 436 531 487 AD.
574 436 715 486 1065.
870 434 1295 486 CHRONICA
1338 434 1440 485 DE
1485 434 1870 486 MAILROS.
2266 443 2329 487 55

463 578 606 626 Anno
629 577 780 628 mlxv.
809 576 1086 643 Agelwinus
1108 575 1438 626 Dunelmenfis
1462 576 1709 642 episcopus
1732 576 1829 624 offa
1853 575 1979 625 beati
2009 575 2180 627 Oswini
2203 579 2327 643 regis

393 664 441 704 et
464 656 677 722 martyris
702 656 828 722 apud
855 656 1194 704 Tinemutham
1218 655 1277 704 de
1305 655 1512 704 Tumulo
1537 656 1584 703 in
1619 655 1784 704 scrinio
1808 672 1989 721 magno
2019 673 2128 706 cum·
2149 656 2326 706 honore

391 735 578 784 levavit.

459 815 601 863 Anno
627 814 687 862 ab
711 814 1033 862 incarnatione
1059 812 1253 860 Domini
1277 813 1526 878 M⁰.lx⁰.vj⁰.
1563 813 1681 861 obiit
1715 814 1792 878 pie
1815 814 2039 862 memorie
2065 814 2324 865 Edwardus

390 909 486 949 rex,
510 893 659 942 honor
683 900 732 941 et
761 892 912 958 gloria
937 891 1202 955 Anglorum
1226 890 1339 939 dum
1362 891 1492 948 vixit,
1526 892 1783 940 eorundem
1817 893 1950 941 ruina
1978 893 2090 942 dum
2112 895 2320 950 moritur,

388 972 551 1037 postea
590 988 735 1036 quam
758 971 936 1018 curiam
959 971 1089 1017 suam
1112 970 1160 1016 in
1182 969 1427 1016 nativitate
1448 969 1641 1017 Domini
1681 970 1825 1034 [Dec.
1851 976 1931 1027 25,
1960 973 2126 1038 1065],
2150 982 2202 1022 ut
2238 991 2320 1039 po-

387 1052 476 1100 tuit
503 1049 765 1098 Lundoniis
782 1055 999 1096 tenuerat
1015 1054 1062 1095 et
1078 1043 1322 1095 ecclesiam
1339 1048 1484 1095 sancti
1505 1048 1632 1095 Petri
1646 1048 2047 1099 Westmonasterii
2066 1068 2208 1116 quam
2223 1052 2319 1117 ipse

384 1146 415 1177 a
437 1128 756 1176 fundamentis
780 1127 1113 1182 construxerat,
1139 1143 1247 1175 cum
1270 1143 1446 1191 magna
1469 1127 1620 1192 gloria
1643 1126 1850 1176 dedicari
1873 1130 2129 1195 fecerat,[in
2159 1131 2318 1195 vigilia

388 1208 656 1273 Epiphanie
710 1206 761 1272 [J
765 1223 840 1255 an.
868 1206 918 1271 5]
943 1224 956 1262 ;
993 1206 1068 1254 cui
1107 1206 1210 1271 post
1250 1206 1432 1254 obitum
1472 1207 1574 1271 ejus
1614 1207 1820 1255 succeffit
1863 1207 2102 1258 Haroldus
2136 1210 2317 1259 comitis

387 1286 607 1335 Godwini
630 1286 765 1335 filius.

452 1366 557 1415 Rex
582 1366 948 1431 Noreganorum
986 1363 1226 1412 Haroldus
1253 1364 1584 1429 Harphagher,
1609 1366 1752 1414 frater
1775 1366 1922 1415 sancti
1951 1366 2093 1416 Olaui
2117 1368 2241 1432 regis
2270 1376 2315 1416 et

383 1446 611 1510 martyris,
638 1453 685 1492 et
712 1444 901 1492 Tostius
926 1461 1083 1492 comes
1109 1444 1235 1508 apud
1265 1444 1690 1509 Strinfordebrigeq
1713 1445 2003 1494 occiduntur.

454 1525 720 1572 Willelmus
746 1524 945 1571 Bastard
966 1523 1192 1588 Angliam
1217 1523 1423 1571 debellat
1449 1531 1495 1571 et
1520 1523 1723 1579 obtinet;
1760 1532 1807 1572 et
1826 1525 1885 1572 ab
1907 1525 2118 1573 Aldredo
2128 1533 2168 1563 qq
2188 1525 2313 1574 Ebo-

383 1603 560 1652 racenfi
584 1603 935 1667 archiepiscopo
961 1602 1088 1667 apud
1117 1602 1583 1650 Westmonasterium
1608 1603 1654 1650 in
1679 1620 1842 1668 regem
1866 1605 2174 1652 consecratur.

450 1683 563 1730 Visa
587 1683 654 1730 est
678 1690 879 1730 cometa.

451 1761 592 1809 Anno
616 1754 799 1825 M.lxvij.
828 1777 909 1808 rex
937 1759 1203 1807 Willelmus
1228 1759 1279 1807 N
1281 1760 1572 1808 ormanniam
1596 1760 1748 1816 rediit,
1775 1761 1951 1810 ducens
1974 1762 2130 1810 secum
2157 1762 2308 1810 Doro-

381 1841 655 1889 bernensem
680 1840 1078 1903 archiepiscopum
1107 1839 1403 1903 Stigandum,
1424 1840 1644 1887 clitonem
1665 1840 1926 1905 Adgarum,
1946 1841 2141 1889 comites
2158 1841 2309 1888 Edwi-

379 1937 492 1967 num
516 1927 563 1967 et
590 1919 867 1966 Morkarum
891 1925 939 1965 et
966 1917 1210 1965 Walteum
1245 1926 1292 1965 et
1326 1918 1497 1965 multos
1529 1918 1644 1966 alios
1669 1919 1727 1966 de
1762 1919 2064 1967 nobilioribus
2103 1920 2308 1984 Anglie3

379 1998 564 2047 rediens
587 2015 713 2053 vero,
743 1997 913 2062 Anglis
937 1996 1215 2061 inportabile
1240 1996 1465 2043 tributum
1489 1997 1720 2061 imposuit.

447 2078 589 2125 Anno
613 2077 814 2141 M.lxviij.
842 2076 936 2123 duo
960 2092 1084 2140 pape
1109 2075 1156 2123 in
1183 2074 1337 2123 Roma
1360 2076 1476 2123 facti
1502 2076 1620 2130 sunt,
1646 2075 1694 2123 id
1729 2075 1797 2123 est
1820 2076 2063 2141 episcopus
2090 2077 2308 2125 Parmen-

378 2157 458 2206 fis⁸
480 2157 561 2222 qui
586 2156 802 2221 expulsus
827 2155 909 2210 est,
935 2162 983 2202 et
1007 2155 1251 2220 episcopus
1276 2155 1335 2202 de
1362 2154 1519 2202 Lucat
1549 2155 1628 2219 qui
1653 2172 1778 2220 papa
1801 2155 2063 2219 permanfit.

447 2237 588 2284 Anno
612 2235 780 2284 M.lxix.
807 2251 965 2283 comes
992 2233 1227 2282 Robertus
1267 2234 1439 2282 Cumin
1475 2251 1582 2282 cum
1618 2234 1747 2283 Dcctis
1781 2236 1879 2284 fere
1914 2235 2020 2284 viris
2056 2235 2183 2300 apud
2208 2236 2308 2284 Du-

377 2315 586 2364 nelmum
611 2332 638 2362 a
664 2314 961 2362 Norhimbris
985 2313 1254 2361 occiditur.u

447 2394 684 2441 Aldredus
709 2393 1085 2458 archiepiscopus
1109 2393 1240 2441 obiit.

447 2471 590 2520 Anno
609 2473 759 2520 M.lxx.
786 2489 868 2520 rex
888 2473 1173 2520 Malcolmus
1192 2471 1418 2537 Angliam
1442 2473 1587 2537 usque
1608 2472 1857 2521 Cliueland
1881 2473 2097 2527 vastavit;
2123 2480 2169 2520 et
2193 2480 2304 2520 tunc

378 2551 537 2599 clitoni
562 2550 758 2616 Edgaro
783 2559 830 2599 et
854 2551 1084 2599 sororibus
1123 2551 1396 2616 Margarete
1429 2559 1476 2599 et
1504 2551 1751 2607 Christine,
1788 2552 1868 2600 ubi
1904 2569 1984 2599 eas
2018 2552 2192 2599 invenit
2227 2568 2295 2599 re-

311 2689 313 2694 ,
378 2647 488 2696 gem
515 2630 690 2695 Anglie
714 2630 967 2694 fugientes,
992 2638 1044 2678 ut
1067 2630 1114 2677 in
1145 2630 1354 2678 Scotiam
1379 2631 1512 2686 irent,
1539 2631 1666 2696 apud
1688 2631 2059 2680 Weremundam
2083 2631 2128 2678 in
2153 2630 2304 2678 reditu

377 2726 546 2774 pacem
570 2710 699 2756 suam
724 2709 914 2756 donavit
939 2716 986 2756 et
1012 2709 1338 2774 Margaretam
1369 2710 1531 2774 postea
1555 2710 1637 2758 fibi
1661 2711 1707 2757 in
1731 2711 2115 2758 matrimoniumw
2132 2708 2300 2773 junxit.

437 2855 453 2876 ‘¹
481 2854 768 2900 Stanfordbriege.
820 2855 856 2888 S.
872 2854 1033 2888 Dunelm.
1061 2853 1126 2888 col.
1150 2855 1228 2888 194.
1283 2853 1370 2888 This
1395 2854 1503 2889 battle
1528 2866 1600 2890 was
1624 2855 1747 2900 fought
1771 2867 1866 2901 upon
1895 2856 2051 2901 Monday
2074 2855 2134 2890 the
2159 2855 2246 2890 25th
2271 2855 2313 2890 of

379 2911 595 2957 September,
615 2912 662 2944 id.
830 2909 865 2929 ‘¹⁴³
894 2910 942 2944 W.
963 2909 1134 2954 Newbrig.
1158 2912 1195 2948 l;
1223 2908 1281 2943 M.
1303 2909 1414 2949 Paris,
1434 2912 1468 2943 4.
1637 2910 1649 2924 ¹
1671 2911 1891 2945 Waltherum
1912 2911 2054 2946 Siwardi
2071 2911 2168 2945 ducis
2184 2910 2303 2945 filium.

375 2968 411 3001 S.
438 2966 599 3000 Dunelm.
632 2965 697 2999 col.
732 2965 810 3002 197.
972 2963 983 2978 “
1017 2964 1136 3009 Styled
1165 2963 1342 2998 Honorius
1374 2964 1422 2998 11.
1472 2965 1534 2998 Du
1560 2966 1722 3012 Fremqy,
1753 2966 1787 3000 ii.
1817 2968 1905 3006 4383
1948 2967 2013 3001 See
2042 2966 2101 3001 M.
2130 2967 2240 3007 Paris,
2269 2969 2304 3000 5.

373 3021 387 3042 t
409 3021 608 3056 Alexander
627 3020 675 3054 ΙΙ.
694 3030 766 3054 was
784 3018 946 3054 crowned
964 3019 1050 3053 30th
1067 3018 1108 3053 of
1122 3019 1325 3064 September
1341 3021 1441 3059 1061,
1462 3019 1532 3053 and
1548 3019 1628 3056 died
1643 3022 1723 3054 2lst
1740 3020 1781 3055 of
1795 3020 1894 3066 April
1913 3022 2015 3058 1073.
2161 3020 2178 3035 “
2200 3021 2306 3068 Upon

378 3076 604 3121 Wednesday
619 3075 680 3110 the
698 3075 785 3109 28th
802 3074 842 3109 of
853 3074 1007 3119 January
1027 3076 1128 3108 1069.
1157 3075 1192 3108 S.
1208 3075 1368 3108 Dunelm.
1388 3074 1455 3108 col.
1478 3076 1556 3110 198.
1701 3074 1723 3089 '
1745 3075 1824 3111 The
1840 3076 2098 3122 interpolation,
2118 3076 2228 3112 under
2244 3076 2305 3111 the

372 3143 455 3178 year
474 3134 576 3173 1056,
596 3137 715 3172 states,
735 3129 813 3165 that
829 3129 890 3165 the
906 3129 1069 3174 marriage
1085 3129 1171 3164 took
1187 3129 1285 3175 place
1301 3129 1337 3164 in
1357 3130 1458 3167 1067.
