2846 3874
408 496 539 546 Α.Ι).
571 496 711 546 1216.
880 493 1298 544 CHRONICA
1342 493 1443 542 DE
1493 491 1874 542 MAILROS.
2249 498 2339 542 123

405 636 514 686 Hac
539 637 682 685 etiam
706 637 823 692 vice,
860 635 989 701 quod
1023 634 1279 683 dolendum
1309 633 1392 690 est,
1427 634 1574 682 invito
1605 624 1796 682 domino
1831 648 1947 698 rege
1978 639 2026 681 et
2061 632 2342 681 omnimodis

401 717 696 782 prohibente,
721 724 770 765 et
792 717 974 764 firmam
1007 731 1177 780 pacem
1207 716 1338 764 suam
1361 713 1586 780 religiofis
1605 712 1914 768 concedente,
1949 712 2099 761 Scotti
2131 712 2340 777 quidam,

401 813 496 845 non
527 796 734 862 magistri
766 796 938 844 milicie
962 795 1043 844 sed
1073 794 1266 843 ministri
1300 793 1495 849 malitie,
1537 793 1730 841 domum
1754 793 1814 841 de
1840 791 2171 841 Holmcultran
2195 792 2341 841 omni·

401 876 488 925 bus
523 892 808 941 quecunque
842 882 1096 940 potuerunt
1131 874 1382 939 attingere,
1422 873 1563 922 sacris
1596 872 1816 922 videlicet
1855 872 1999 928 libris,
2039 872 2341 927 vestimentis,

401 956 641 1011 calicibus,
678 955 812 1020 equis
837 961 884 1003 et
915 952 1212 1008 animalibus,
1237 951 1510 1001 utenfilibus
1542 959 1590 1000 et
1624 952 1926 1007 indumentis,
1950 959 2049 1000 tam
2083 952 2267 1000 nefaria
2295 959 2342 1000 et

400 1036 625 1083 scelerata
650 1034 889 1083 dementia
920 1032 1290 1097 expoliaverunt,
1315 1039 1367 1079 ut
1399 1031 1543 1079 etiam
1576 1031 1863 1079 monachum
1894 1032 1941 1079 in
1972 1032 2262 1080 infirmitorio
2295 1033 2343 1080 in

399 1114 618 1162 extremis
642 1113 857 1178 pofitum,
883 1111 1034 1160 cilicio
1066 1110 1418 1176 superpofitum,
1454 1110 1623 1175 pannis
1654 1109 1825 1175 quibus
1857 1111 2048 1159 indutus
2072 1119 2172 1159 erat
2197 1111 2342 1160 denu-

398 1194 579 1248 darent,
611 1210 701 1240 nec
725 1192 870 1239 ullam
900 1190 1212 1239 reverentiam
1235 1190 1376 1238 sacris
1401 1189 1627 1237 altaribus
1652 1189 1943 1237 exhiberent.
2017 1190 2160 1246 Quod
2183 1198 2343 1239 tamen

396 1279 647 1338 peccatum
678 1288 774 1320 non
805 1270 1096 1336 pertransivit
1128 1270 1344 1325 inultum,
1379 1286 1492 1318 nam
1516 1269 1631 1317 dum
1661 1276 2004 1317 reverterentur
2028 1286 2137 1317 cum
2167 1271 2342 1335 praeda,

395 1352 614 1401 submerfi
638 1352 812 1400 suntin
843 1351 984 1400 fluvio
1017 1350 1241 1416 quodam,
1279 1349 1450 1398 Edena
1475 1349 1621 1405 dicto,
1647 1357 1877 1414 quantum
1909 1349 1971 1397 ad
2002 1349 2345 1398 estimationem

396 1433 639 1481 hominum
679 1433 927 1497 plusquam
966 1431 1094 1479 mille
1134 1429 1363 1495 nongenti
1411 1429 1562 1478 Scotti
1604 1429 1651 1477 in
1694 1429 1822 1477 brevi
1864 1429 1981 1477 hora
2022 1429 2132 1477 diei.
2213 1429 2343 1478 Ultio

396 1513 541 1578 digna
567 1512 667 1560 Dei
689 1512 700 1560 l

463 1591 651 1640 Eodem
683 1607 823 1646 anno,
848 1590 1007 1638 mense
1031 1589 1060 1638 J
1064 1590 1175 1645 ulio,
1207 1606 1315 1637 cum
1334 1582 1543 1637 exercitu
1566 1590 1648 1636 suo
1675 1589 1904 1644 universo,
1931 1589 2141 1654 exceptis
2171 1589 2344 1637 Scottis

396 1673 455 1719 de
480 1670 651 1736 quibus
676 1671 902 1735 expensas
925 1669 1096 1724 sumfit,
1132 1669 1302 1716 iterum
1331 1668 1604 1716 Carleolum
1635 1668 1879 1732 profectus
1915 1668 1996 1723 est,
2023 1685 2226 1733 eamque
2262 1668 2343 1716 ob-

395 1751 540 1806 sedit3
577 1767 670 1815 que
705 1749 925 1797 videlicet
961 1748 1125 1796 civitas
1154 1747 1377 1802 Carleoli,
1409 1747 1471 1811 vj.
1505 1746 1610 1794 idus
1643 1746 1846 1812 Augusti
1887 1746 2041 1812 [Aug.
2069 1747 2120 1812 8]
2160 1748 2343 1795 reddita

394 1830 462 1878 est
485 1830 578 1885 illi;
615 1829 856 1877 castellum
874 1836 1034 1876 tamen
1058 1827 1138 1875 illa
1156 1827 1258 1874 vice
1282 1843 1378 1874 non
1398 1826 1703 1891 expugnavit.
1758 1826 1875 1874 Inde
1894 1843 2004 1875 vero
2029 1827 2338 1892 progrediens

393 1927 476 1975 per
499 1909 708 1957 medium
735 1907 911 1973 Anglie
936 1924 1044 1955 cum
1068 1906 1195 1954 omni
1221 1906 1426 1954 exercitv
1449 1907 1547 1961 suc,
1572 1906 1758 1954 vivente
1783 1913 1830 1954 et
1854 1906 2093 1954 invidente
2118 1906 2338 1955 Johanne

393 2006 505 2055 rege
533 1989 726 2053 Anglie,
763 1989 910 2052 usque
942 1987 1003 2034 ad
1030 1986 1291 2041 Doueram,
1323 1986 1371 2033 in
1400 1987 1643 2033 occursum
1668 1985 1844 2033 domini
1884 1984 2132 2034 Laodiuici
2157 1986 2237 2034 filii
2273 2004 2342 2034 re-

392 2070 465 2134 gis
487 2067 701 2122 Francie,
727 2065 992 2132 progress'us
1021 2065 1117 2121 est;
1153 2065 1235 2130 qui
1264 2064 1435 2113 eodem
1464 2082 1588 2112 anno
1612 2065 1661 2130 ij.
1691 2081 1923 2112 nonarum
1956 2065 2076 2113 Maii
2117 2065 2257 2130 [Maij
2285 2066 2337 2130 6]

390 2165 497 2196 cum
530 2146 830 2195 multitudine
865 2145 1056 2194 navium
1087 2145 1275 2209 copiosa
1300 2144 1362 2192 ad
1385 2144 1700 2192 interventum
1718 2144 1950 2192 baronum
1983 2144 2176 2210 Anglie,
2202 2153 2253 2193 ut
2270 2147 2336 2194 eis

389 2227 502 2276 effet
537 2228 584 2275 in
610 2226 851 2281 auxilium,
877 2223 1226 2289 amplicuerat.h
1303 2223 1359 2272 In
1382 2223 1475 2271 hoc
1498 2224 1660 2288 itaque
1684 2224 1933 2289 procinctu
1961 2225 2138 2272 itineris
2162 2226 2341 2274 occisus

391 2308 457 2355 est
490 2306 740 2354 Eustacius
764 2305 824 2353 de
849 2305 1005 2360 Vesci,
1031 2321 1178 2369 gener
1202 2302 1341 2368 ipfius
1365 2303 1506 2368 regie,
1531 2304 1579 2351 in
1604 2303 1843 2352 obfidione
1869 2304 2044 2352 castelli
2072 2303 2331 2353 Bernardi.i

458 2385 525 2433 Et
565 2385 807 2433 sciendum
853 2383 983 2449 quod
1019 2383 1301 2432 adveniente
1357 2381 1644 2431 Laodowico
1686 2383 1733 2431 in
1785 2382 2027 2448 Angliam,
2073 2383 2339 2432 Willelmus

396 2465 568 2530 Longa
591 2465 739 2528 spata,
763 2464 908 2512 frater
925 2462 1065 2528 ipfius
1089 2462 1215 2527 regis
1242 2461 1435 2527 Anglie,
1455 2479 1615 2511 comes
1645 2462 1926 2518 Salisbirie,k
1950 2462 2093 2510 etalii
2117 2463 2251 2510 multi
2277 2463 2337 2511 ab

392 2545 490 2609 ipso
514 2560 628 2609 rege
653 2543 938 2591 divertentes
962 2541 1024 2590 ad
1051 2541 1388 2590 Laodowicum
1411 2542 1459 2590 se
1483 2542 1831 2598 transtulerunt,
1857 2542 1987 2606 quod
2011 2542 2203 2606 quidem
2231 2543 2336 2607 plus

392 2624 487 2672 doli
512 2639 656 2688 quam
688 2622 956 2671 dilectionis
990 2621 1179 2677 intuitu,
1215 2621 1320 2686 plus
1344 2620 1642 2669 subvertendi
1674 2638 1819 2686 quam
1850 2621 2147 2669 succurrendi
2182 2622 2336 2687 gratia

391 2705 438 2751 se
461 2702 636 2757 fecifl'e,
660 2718 744 2767 per
767 2701 1044 2750 seditionem
1071 2700 1368 2749 subsecutam
1399 2701 1617 2749 innotuit.
1690 2700 1800 2749 Hac
1824 2701 1968 2749 etiam
1991 2701 2093 2748 vice
2118 2701 2335 2750 dominus

396 2784 457 2833 A.
483 2799 566 2831 rex
595 2782 866 2830 Scottorum
899 2780 947 2828 in
975 2779 1153 2845 Anglia
1175 2796 1358 2828 moram
1381 2780 1577 2835 faciens,
1612 2779 1890 2844 humagium
1913 2780 2027 2828 fecit
2051 2779 2180 2828 dicto
2209 2779 2333 2829 Lao-

392 2863 569 2911 dowico
599 2861 749 2927 [apud
776 2858 1095 2923 Londonias]¹
1125 2866 1177 2906 ut
1209 2858 1391 2914 dicitur,
1424 2858 1508 2907 sub
1540 2875 1598 2907 ea
1632 2859 1784 2906 forma
1808 2875 1903 2923 qua
1927 2858 2128 2907 barones
2154 2858 2332 2925 Anglie

389 2943 602 2991 fecerant
637 2940 815 2995 eidem;
852 2946 900 2988 et
930 2946 1029 2986 tam
1060 2938 1157 3002 ipse
1197 2936 1511 2986 Laodowicus
1545 2954 1690 3002 quam
1726 2939 1871 2986 ceteri
1899 2937 2101 2988 barones
2135 2938 2328 3005 Anglie‚

450 3082 468 3102 ¹¹
495 3081 665 3128 Anquetil‚
682 3081 717 3115 ii.
740 3082 828 3120 189;
863 3079 964 3126 Velly,
986 3078 1034 3113 iii.
1052 3079 1134 3114 494.
1188 3078 1220 3113 It
1243 3077 1273 3112 is
1297 3077 1464 3124 probable
1487 3076 1567 3112 that
1590 3077 1654 3112 the
1678 3077 1747 3113 last
1764 3077 1862 3113 word
1885 3077 1922 3113 in
1946 3078 2017 3114 this
2041 3085 2209 3114 sentence
2232 3079 2262 3114 is
2286 3091 2332 3114 an

389 3150 484 3174 error
500 3137 543 3173 of
560 3133 622 3172 th'e
643 3136 764 3177 scribe,
783 3135 837 3170 for
862 3140 886 3155 “
900 3134 1148 3181 applicuerat.”
1291 3133 1301 3153 ¹
1327 3133 1446 3180 Dugd.
1467 3133 1595 3168 Baron.
1614 3133 1637 3168 i.
1656 3135 1714 3168 93.
1768 3133 1826 3168 He
1850 3132 1921 3169 had
1939 3134 2088 3169 married
2106 3133 2291 3180 Margaret,
2311 3147 2334 3170 a

391 3193 530 3230 natural
552 3192 722 3238 daughter
746 3190 789 3225 of
810 3190 903 3236 King
923 3180 1088 3231 william,
1116 3188 1326 3234 concerning
1341 3187 1459 3225 which
1482 3188 1575 3235 lady,
1601 3200 1661 3224 see
1681 3200 1703 3223 a
1718 3189 1857 3224 curious
1883 3195 1979 3236 story
1994 3189 2031 3224 in
2049 3190 2240 3237 Knyghton,
2260 3190 2328 3226 col.

387 3250 496 3286 2422,
686 3247 701 3267 ¹¹
732 3246 897 3287 William,
919 3245 989 3280 111.
1008 3245 1079 3280 earl
1095 3244 1138 3280 of
1158 3244 1345 3291 Salisbury,
1372 3256 1444 3279 was
1461 3244 1599 3279 natural
1614 3255 1680 3279 son
1697 3244 1740 3280 of
1752 3244 1875 3291 Henry
1893 3245 1955 3286 ΙΙ.,
1975 3246 2022 3292 by
2039 3245 2256 3288 Rosamund,
2276 3245 2330 3281 his

390 3303 596 3339 concubine.
758 3301 769 3323 ¹
799 3301 879 3336 The
895 3301 1010 3336 words
1027 3300 1184 3335 inclosed
1201 3299 1323 3334 within
1339 3299 1499 3336 brackets
1516 3311 1575 3335 are
1591 3299 1707 3336 added
1721 3301 1769 3347 by
1784 3312 1807 3337 a
1822 3300 1919 3337 hand
1935 3300 1978 3336 of
1986 3300 2050 3337 the
2065 3300 2227 3338 fisteenth
2245 3313 2328 3337 cen-

388 3365 480 3405 tury,
498 3357 635 3395 instead
651 3358 694 3393 of
705 3363 729 3379 “
742 3363 784 3394 ut
799 3357 957 3399 dicitur,'’
974 3356 1091 3392 which
1107 3356 1136 3392 is
1152 3355 1319 3404 repeated
1335 3348 1436 3392 twice
1452 3355 1489 3391 in
1504 3355 1567 3391 the
1587 3355 1667 3391 MS.
