2852 3874
586 505 676 548 110
1031 497 1450 558 CHRONICA
1493 495 1593 544 DE
1643 493 2027 544 MAILROS.
2186 497 2318 547 A.D.
2360 503 2501 548 1210.

583 648 756 688 trorum
788 637 1000 690 civitatis,
1036 635 1291 682 maximum
1328 633 1503 682 ibidem
1539 632 1829 682 celebratum
1868 632 1936 682 est
1971 634 2238 690 concilium,
2269 637 2504 703 praecipue

583 725 744 767 contra
771 713 1109 780 supersticiosos
1136 713 1383 767 hereticos,
1412 711 1493 776 qui
1521 710 1573 760 et'
1600 711 1766 759 domos
1789 711 2035 760 viduarum
2057 717 2433 777 penetraverant,
2461 723 2509 765 et

582 796 830 844 maximam
854 794 1156 841 innocentum
1173 790 1521 839 multitudinem
1538 791 1716 839 sacram
1737 790 2026 856 Scripturam
2043 790 2220 840 smistra
2237 792 2510 858 interpreta-

580 875 707 922 tione
731 871 944 920 docendo
968 871 1167 919 latenter
1190 869 1484 925 seduxerant,
1504 886 1704 934 quorum
1728 886 1907 919 errores
1930 869 2035 935 plus
2058 869 2249 935 expedit
2271 871 2511 922 reticendo

580 953 737 1000 dolere
761 967 904 1015 quam
935 949 1174 998 recitendo
1198 949 1384 997 docere.
1458 948 1553 1005 Qui
1588 948 1635 996 in
1660 947 1829 996 eodem
1854 949 2053 997 concilio
2078 949 2137 998 de
2167 949 2379 999 heretica
2407 967 2511 1016 pra-

579 1033 722 1078 vitate
741 1029 942 1078 convi6ti
977 1029 1097 1083 sunt,
1134 1035 1180 1076 et
1216 1028 1274 1076 de
1309 1027 1518 1076 nefanda
1551 1028 1681 1076 secta
1719 1027 1928 1093 magistri
1966 1027 2204 1083 Amauri,⁰
2240 1028 2376 1094 cujus
2415 1029 2510 1078 offa

578 1110 752 1157 ibidem
787 1107 1085 1156 audientibus
1109 1107 1326 1155 omnibus
1357 1115 1406 1155 et
1427 1106 1693 1155 videntibus
1721 1113 1773 1154 ut
1804 1107 1948 1155 ceteri
1982 1114 2161 1155 metum
2195 1107 2418 1163 habeant,
2449 1108 2509 1156 ab

580 1188 796 1236 omnibus
820 1186 1177 1250 archiepiscopis
1209 1193 1256 1233 et
1288 1186 1516 1250 episcopis
1550 1186 1973 1241 excommunicata,
2006 1193 2138 1234 extra
2171 1186 2351 1235 sacrum
2382 1187 2510 1235 cimi-

581 1268 747 1315 terium
779 1265 940 1331 projici
970 1265 1215 1330 jubentur3
1258 1271 1305 1312 et
1336 1263 1418 1328 ipfi
1453 1264 1661 1318 heretici,
1687 1281 1761 1312 xv.
1795 1263 1961 1312 diebus
1997 1271 2108 1312 ante
2139 1265 2298 1313 natale
2330 1265 2507 1313 domini

585 1346 728 1409 [Dec.
760 1344 859 1408 lO],
884 1345 932 1391 in
957 1343 1134 1407 campis
1152 1343 1290 1407 juxta
1315 1343 1546 1407 capellam
1564 1343 1712 1390 sancti
1735 1342 1967 1392 Honorati
1987 1360 2145 1392 coram
2179 1344 2306 1391 omni
2334 1345 2510 1409 populo

580 1426 682 1471 sunt
706 1422 967 1488 degradati,
992 1430 1039 1470 et
1069 1422 1295 1469 laicorum
1319 1421 1527 1469 custodie
1550 1422 1822 1486 mancipati,
1847 1422 1928 1486 qui
1953 1430 2001 1469 et
2032 1422 2135 1487 post
2158 1422 2364 1471 triduum
2395 1440 2509 1488 prae-

580 1510 717 1567 cepto
742 1501 916 1548 domini
942 1500 1065 1565 regis
1089 1500 1200 1564 igne
1226 1499 1453 1547 consumti
1486 1501 1604 1547 sunt.
1679 1499 1773 1554 Qui
1798 1507 1931 1547 tanta
1954 1500 2283 1564 pertinacitate
2307 1501 2509 1550 obduru-

580 1587 713 1628 erunt
745 1579 872 1643 quod
905 1595 993 1627 nec
1028 1578 1227 1626 sonitum
1268 1594 1356 1625 nec
1390 1578 1610 1625 tinnitum
1641 1578 1688 1625 in
1726 1578 1925 1626 flammis
1956 1579 2221 1633 emiserunt,
2253 1594 2373 1642 quos
2403 1580 2510 1628 laici

583 1658 899 1722 Papelardosp
933 1656 1302 1721 appellaverunt.
1381 1656 1610 1720 Magister
1643 1662 1802 1703 autern
1838 1655 2075 1704 Robertus
2110 1657 2169 1704 de
2205 1657 2413 1714 Curcsm,
2445 1659 2512 1706 vir

579 1738 670 1784 vite
695 1735 972 1784 venerabilis
1002 1743 1048 1783 et
1077 1736 1123 1782 in
1156 1735 1282 1783 omni
1307 1735 1524 1782 doctrina
1558 1735 1845 1799 perspicuus,
1871 1736 1946 1783 cui
1972 1752 2000 1783 a
2025 1735 2216 1783 domino
2247 1753 2374 1802 papa
2405 1754 2512 1785 cum

580 1816 744 1864 ceteris
781 1815 1090 1879 dignitatibus
1121 1814 1212 1861 suis
1241 1814 1353 1861 data
1388 1813 1455 1861 est
1495 1831 1607 1862 cura
1641 1814 1821 1861 summa
1856 1813 2211 1879 praedicacionis
2246 1815 2293 1862 in
2325 1815 2510 1871 Galliis,

578 1894 827 1959 praedictos
850 1893 1281 1958 pseudoprophetas
1306 1909 1334 1940 a
1357 1893 1586 1957 principio
1611 1893 1737 1940 omni
1760 1893 1911 1941 studio
1936 1894 2207 1957 persecutus
2231 1894 2313 1949 est,
2339 1895 2511 1959 eosque

582 1974 906 2021 Almaricanos
938 1989 966 2019 a
999 1971 1226 2035 praedicto
1267 1971 1505 2019 Almarico
1544 1970 1876 2026 denominavit,
1901 1971 1975 2019 vel
2010 1971 2225 2020 Godinos
2257 1989 2286 2020 a
2319 1972 2510 2021 Godino

579 2051 882 2099 haerefiarcha
905 2067 1082 2104 eorum,
1108 2050 1187 2113 qui
1213 2050 1355 2097 etiam
1379 2049 1526 2113 pa[ri]
1549 2066 1673 2113 pena
1696 2050 1885 2113 punitus
1909 2050 2096 2097 interiit.
2163 2050 2327 2098 Plures
2352 2057 2511 2100 autem

579 2147 730 2178 errore
749 2145 925 2184 eorum,
942 2129 1127 2192 decepti
1143 2128 1222 2175 sed
1241 2128 1528 2192 compunfiti,
1547 2135 1774 2191 perpetuo
1791 2144 1948 2176 carcer
1963 2129 2083 2176 isunt
2097 2129 2368 2193 mancipati,
2384 2130 2510 2194 prius

581 2218 737 2256 tamen
763 2207 1007 2273 degradati
1032 2224 1061 2254 a
1084 2207 1222 2254 sacris
1254 2206 1428 2254 scilicet
1459 2206 1714 2262 ordinibus,
1739 2213 1787 2254 et
1811 2207 1877 2254 ita
1900 2207 2083 2255 factum
2118 2207 2184 2255 est
2208 2207 2337 2272 quod
2360 2208 2406 2256 in
2431 2208 2511 2255 illo

581 2304 702 2335 anno
726 2286 930 2334 maxima
955 2286 1106 2333 extitit
1130 2293 1227 2333 tam
1251 2285 1511 2333 Judeorum
1535 2301 1678 2349 quam
1701 2285 2012 2334 hereticorum
2036 2286 2312 2350 persecutio.

648 2365 964 2420 Laodouicus‚
992 2365 1111 2411 filius
1138 2364 1340 2428 Philippi
1371 2365 1495 2429 regis
1522 2364 1735 2419 Francie,
1766 2364 1899 2413 miles
1924 2382 1951 2412 a
1975 2372 2108 2429 patre
2132 2366 2213 2413 suo
2248 2365 2407 2413 safflms
2442 2366 2509 2413 est

580 2461 686 2491 cum
723 2444 902 2508 ingenti
938 2444 1087 2508 gloria
1118 2451 1165 2491 et
1202 2443 1505 2498 exultatione,
1539 2443 1665 2507 apud
1690 2444 1919 2498 sanctum,
1947 2442 2133 2492 Licium
2157 2443 2233 2491 die
2258 2443 2406 2492 sancti
2430 2443 2510 2492 Jo-

579 2523 756 2570 hannes
779 2521 978 2570 babtiste
1017 2521 1148 2586 [Jun.
1174 2521 1278 2586 24].

645 2601 786 2649 Anno
823 2601 1017 2664 M.cc.xj.
1058 2601 1105 2648 in
1143 2600 1219 2648 die
1256 2600 1418 2648 sancte
1459 2599 1613 2648 Marie
1658 2599 1950 2665 Magdalene
1987 2600 2102 2665 [Jul.
2142 2600 2227 2665 22]
2270 2599 2510 2650 Johannes

580 2679 933 2727 archidiaconus
960 2678 1280 2727 Laodonenfis
1305 2678 1486 2727 electus
1510 2678 1576 2726 est
1600 2678 1647 2726 in
1671 2679 1942 2744 episcopum
1965 2679 2024 2727 de
2051 2678 2380 2727 Dunkelden.q

644 2758 776 2806 Obiit
804 2758 1072 2806 Willelmus
1096 2758 1304 2806 decanus
1330 2757 1389 2805 de
1418 2757 1738 2822 Cuningham.

645 2837 822 2902 Vigilia
853 2838 1120 2886 sanctorum
1146 2837 1272 2885 Petri
1297 2844 1344 2884 et
1371 2836 1505 2884 Pauli
1542 2835 1673 2901 [Jun.
1699 2835 1784 2902 28]
1817 2835 2084 2885 Willelmus
2114 2837 2175 2885 de
2208 2835 2322 2885 Bois
2352 2836 2510 2886 factus

580 2916 644 2962 est
668 2916 973 2964 cancellarius
998 2915 1173 2963 domini
1197 2916 1321 2980 regis
1351 2916 1534 2964 Scocie.

646 2993 747 3042 Rex
775 2994 964 3059 Anglie,
989 2994 1182 3043 firmatis
1206 2994 1405 3042 castellis
1428 2994 1475 3042 in
1504 2993 1684 3049 Wales,
1710 3009 1817 3042 eam
1840 2993 1923 3042 fibi
1947 2993 2248 3059 subjugavit!

641 3104 656 3118 ⁰
687 3105 835 3141 Almasic
853 3118 891 3141 or
911 3107 1076 3153 Amaury‚
1096 3119 1118 3142 a
1132 3096 1307 3153 professor
1323 3107 1359 3142 in
1375 3106 1437 3142 the
1458 3107 1659 3153 University
1675 3106 1717 3142 of
1729 3107 1837 3148 Paris,
1857 3106 1984 3142 denied
1999 3106 2062 3142 the
2077 3105 2194 3142 actual
2209 3115 2377 3151 presence
2393 3104 2430 3139 in
2445 3104 2508 3139 the

583 3158 754 3194 eucharist
771 3160 839 3195 and
854 3161 915 3195 the
939 3161 1169 3197 resurrection
1185 3162 1228 3197 of
1244 3162 1307 3197 the
1324 3162 1424 3203 dead,
1444 3162 1514 3197 and
1537 3162 1693 3197 asserted
1708 3161 1787 3197 that
1807 3161 1870 3198 the
1886 3161 2039 3207 worship
2055 3159 2099 3196 of
2114 3160 2242 3206 inunges
2258 3170 2330 3194 was
2345 3158 2505 3205 idolatry.

583 3212 729 3258 Lenglet
745 3214 792 3248 du
810 3215 963 3261 Fresnoy
1003 3217 1101 3251 Tabl.
1114 3217 1306 3263 chronolog.
1324 3217 1359 3251 ii.
1378 3217 1447 3254 467
1457 3231 1466 3256 ς
1495 3216 1598 3252 Card.
1620 3216 1764 3253 Mansi’s
1792 3216 1899 3252 addit.
1917 3222 1956 3251 to
1974 3215 2148 3262 Raynaldt'
2163 3214 2253 3250 Ann.
2272 3215 2369 3249 Eoel.
2388 3214 2434 3249 ad
2448 3225 2505 3250 an.

585 3269 757 3358 1211023420
814 3268 829 3289 ⁹
850 3270 915 3305 See
932 3270 993 3306 the
1009 3271 1107 3306 word
1122 3272 1158 3306 in
1176 3272 1239 3306 Du
1256 3272 1367 3318 Cange
1383 3271 1454 3307 and
1470 3271 1665 3318 Roquefort.
1785 3271 1802 3293 ‘¹
1823 3272 1890 3308 See
1908 3270 2020 3312 Keilb,
2038 3280 2074 3316 P·
2093 3269 2151 3307 78-
2281 3268 2294 3284 '
2313 3269 2503 3316 ngmb

580 3333 622 3356 co
638 3348 646 3356 .
713 3332 720 3340 ·
762 3350 768 3357 .

2813 3729 2817 3738 -
2812 3704 2818 3715 -
2804 3522 2823 3689 ..-ν,,.;.ιὸι,.
2815 3448 2823 3507 -.....,
