2904 3886
154 1182 215 1217 fol.
229 1186 285 1217 58.

391 470 522 526 A.D.
555 472 696 524 1257.
859 468 1286 520 CHRONICA
1332 471 1427 520 DE
1474 471 1857 550 MAILROS,
2243 484 2334 530 183

382 621 499 662 natu
529 613 714 669 Scocie,
739 628 941 678 quorum
975 620 1119 678 caput
1154 620 1254 662 erat
1283 612 1526 663 Walterus
1554 613 1729 663 Cumin
1754 615 1911 664 difitus
1946 633 2107 666 comes
2131 618 2191 666 de
2222 618 2328 667 Ma-

383 693 564 748 neteth,
596 693 716 742 inter
747 709 916 742 manus
950 693 1467 745 excommunicatorum
1499 694 1744 744 dominum
1775 696 1908 744 suum
1946 713 2110 762 regem
2137 714 2328 747 conver-

384 775 581 829 santem,
605 780 655 822 et
678 773 900 822 timentes
922 789 983 821 ne
1007 779 1109 821 tota
1131 780 1256 821 terra
1291 773 1544 822 interdicto
1568 773 1847 839 subjaceret,
1872 776 2167 825 surrexerunt
2190 786 2239 826 et
2267 778 2326 827 de

384 868 545 902 eorum
571 851 790 905 manibus
815 851 943 917 apud
963 851 1136 907 Kinros
1160 869 1270 900 eum
1288 852 1558 917 eripientes,
1578 853 1661 901 suo
1679 870 1828 919 regno
1852 855 2165 904 restituerunt.
2216 857 2326 919 Hoc

383 932 581 981 audiens
605 932 749 981 totius
773 931 884 980 mali
909 931 1196 980 architectus
1216 931 1401 981 Alanus
1420 931 1666 988 Ostiarius,
1692 941 1739 982 et
1757 934 1927 983 timens
1950 951 2035 1000 pro
2058 936 2323 1001 proditione

381 1029 477 1077 qua
501 1012 745 1061 dominum
769 1011 903 1059 suum
937 1026 1100 1076 regem
1135 1018 1342 1075 ceperat,
1368 1011 1429 1058 ad
1465 1028 1628 1077 regem
1655 1012 1831 1078 Anglie
1855 1014 2002 1079 fugit;
2037 1016 2181 1064 ceteri
2212 1034 2323 1066 vero

382 1092 637 1157 complices
646 1090 688 1119 bb
711 1090 815 1155 ejus
837 1089 932 1138 huc
955 1089 1162 1154 illucque
1186 1091 1291 1138 sunt
1315 1090 1518 1155 disperfi.

449 1170 592 1218 Anno
618 1169 814 1218 Domini
836 1168 1083 1234 M.cc.lviij.
1112 1168 1173 1217 A.
1200 1186 1280 1217 rex
1311 1169 1479 1218 Scocie
1502 1170 1630 1218 venit
1657 1170 1943 1220 Rokeburch
1968 1189 2076 1220 cum
2111 1177 2320 1224 exercitu

377 1251 474 1305 suo,
501 1258 552 1297 ut
575 1248 776 1297 rebelles
800 1256 847 1296 et
871 1248 1305 1297 excommunicatos
1329 1248 1592 1314 proditores
1615 1251 1722 1299 suos
1745 1250 1827 1298 fibi
1863 1251 2151 1317 subjugaret.
2225 1254 2320 1310 Qui

372 1329 588 1377 inducias
612 1335 847 1394 petentes,
867 1328 979 1376 etse
998 1329 1042 1376 ei
1061 1335 1109 1376 et
1127 1327 1231 1393 ejus
1253 1328 1441 1395 legibus
1464 1345 1631 1395 parere
1650 1329 1808 1378 dolose
1832 1331 2174 1396 promittentes,
2195 1333 2320 1382 diem

371 1409 499 1473 apud
527 1408 694 1457 Forfar
718 1408 995 1464 statuerunt,
1021 1416 1072 1456 ut
1096 1408 1160 1456 ibi
1185 1409 1412 1474 quicquid
1437 1409 1734 1475 deliquerant
1758 1410 2080 1460 emendarent.
2132 1413 2318 1469 Quibus

369 1489 580 1553 acceptis
604 1489 692 1536 iter
718 1488 780 1535 ad
803 1504 968 1553 regem
994 1487 1171 1553 Anglie
1203 1488 1515 1553 arripuerunt,
1551 1489 1843 1554 postulantes
1868 1498 1919 1538 ut
1954 1499 2118 1540 contra
2153 1509 2316 1542 eorum

370 1568 657 1616 adversarios
681 1568 784 1632 ejus
809 1566 998 1616 confilio
1023 1575 1265 1616 tuerentur
1289 1576 1337 1616 et
1361 1568 1551 1617 auxilio.
1625 1569 1813 1618 Interea
1843 1570 1973 1618 Scoti
1998 1579 2046 1619 et
2073 1572 2314 1622 Galwithi-

368 1648 501 1696 enses
526 1647 607 1712 qui
642 1647 689 1695 in
725 1647 934 1695 exercitu
969 1648 1174 1703 fuerunt,
1211 1655 1259 1696 et
1294 1648 1340 1696 in
1366 1648 1726 1714 quadragesima
1762 1657 1809 1697 et
1845 1650 1987 1698 etiam
2023 1651 2070 1699 in
2106 1652 2204 1716 ipsa
2236 1654 2312 1701 die

368 1728 622 1791 parasceue
648 1743 813 1775 carnes
837 1726 1159 1782 comederunt,
1192 1727 1441 1775 infeliciter
1466 1728 1527 1775 ad
1558 1729 1746 1793 propria
1770 1737 2072 1786 revertentes,
2109 1733 2308 1795 patriam

368 1807 414 1853 in
440 1807 598 1855 multis
623 1806 992 1871 expoliaverunt.

437 1885 527 1933 Per
559 1886 685 1933 idem
721 1894 908 1951 tempus
936 1885 998 1934 G.
1026 1886 1272 1951 episcopus
1307 1887 1457 1935 sancti
1485 1886 1705 1935 Andreec
1731 1906 1758 1935 a
1783 1905 1895 1953 rege
1921 1889 1981 1937 ab
2007 1891 2147 1938 exilio
2179 1909 2308 1939 revo-

366 1973 517 2020 catus,
542 1966 624 2012 suo
651 1966 942 2030 episcopatui
966 1965 1264 2014 restauratur.

435 2043 567 2092 Obiit
590 2043 844 2093 Clemensd
867 2045 1115 2110 episcopus
1136 2045 1521 2101 Dunbleinenfis,
1546 2054 1653 2110 post
1677 2064 1819 2111 quem
1845 2048 2025 2095 electus
2050 2049 2117 2096 est
2141 2052 2307 2115 magis-

364 2132 434 2171 ter
461 2123 697 2172 Robertus
722 2124 879 2172 difflms
904 2124 964 2172 de
991 2124 1270 2180 Praebenda,
1296 2124 1508 2190 ejusdem
1533 2125 1727 2174 ecclefie
1753 2126 1977 2175 decanus.

435 2203 571 2259 Item,
596 2202 714 2251 obiit
738 2203 917 2252 Sewale
944 2203 1254 2253 Eboracenfis
1280 2204 1674 2270 archiepiscopus,
1694 2206 1770 2254 cui
1790 2206 1998 2254 successit
2017 2208 2306 2257 Godefridus

365 2283 575 2347 ejusdem
599 2281 793 2331 ecclefie
818 2284 1043 2332 decanus.

436 2362 578 2410 Circa
601 2379 711 2410 vero
746 2362 1043 2411 nativitatem
1078 2363 1219 2412 beate
1246 2363 1400 2412 Marie
1430 2363 1569 2429 [Sep.
1595 2364 1646 2429 8]
1675 2365 1844 2413 iterum
1868 2367 1995 2414 venit
2030 2383 2109 2414 rex
2146 2368 2305 2416 Scotie

366 2457 473 2488 cum
496 2442 578 2488 suo
603 2441 812 2489 exercitu
836 2450 1001 2490 contra
1036 2442 1288 2507 praedistos
1320 2442 1616 2507 proditores,f
1635 2461 1755 2508 quos
1780 2444 1993 2492 audierat
2017 2462 2124 2493 cum
2160 2464 2303 2495 manu

366 2527 546 2567 armata
570 2527 617 2568 et
641 2519 921 2585 quibusdam
955 2521 1260 2586 magnatibus
1285 2539 1313 2570 a
1336 2539 1451 2587 rege
1479 2522 1655 2587 Anglie
1688 2523 1935 2571 advenifl'e.
2012 2524 2135 2572 Cum
2159 2526 2301 2590 igitur

363 2615 445 2646 rex
474 2599 634 2647 Scotie
658 2600 917 2666 exercitum
940 2601 1073 2648 suum
1097 2601 1372 2666 expectaret
1397 2601 1524 2666 apud
1550 2601 1746 2658 Melros,
1771 2601 1998 2650 venerunt
2022 2603 2083 2650 ad
2108 2621 2216 2652 eum
2241 2623 2298 2653 ex

362 2687 496 2743 parte
520 2679 645 2744 regis
672 2678 850 2745 Anglie
874 2695 1034 2728 comes
1061 2679 1362 2736 Herfordie,8
1385 2687 1433 2729 et
1468 2698 1628 2730 comes
1654 2681 1960 2737 Albamare,¹¹
1984 2690 2031 2730 et
2055 2682 2298 2733 Johannes

362 2758 421 2806 de
443 2757 630 2814 Balolf,i
652 2757 783 2823 quafi
801 2766 854 2807 ut
876 2759 1104 2824 populum
1129 2760 1345 2809 sedarent
1363 2768 1411 2808 et
1435 2776 1603 2825 pacem
1622 2761 1742 2809 inter
1765 2761 2017 2826 praedictos
2035 2762 2296 2826 proditores

409 2868 445 2888 m,
468 2867 641 2914 Opposite
657 2867 727 2903 this
743 2868 814 2903 line
827 2879 885 2904 are
901 2880 999 2904 some
1016 2869 1130 2904 words
1143 2869 1178 2904 in
1195 2870 1257 2904 the
1270 2870 1410 2916 margin,
1427 2870 1469 2904 of
1479 2870 1596 2905 which
1616 2875 1639 2891 “
1653 2870 1697 2905 de
1712 2870 1786 2905 Ros
1799 2877 1835 2906 et
1851 2870 1954 2906 Mar‘’
1971 2871 2073 2907 alone
2089 2884 2147 2908 are
2163 2873 2296 2918 legible.

358 2923 371 2937 ⁶
396 2924 428 2958 A
442 2924 519 2958 writ
535 2923 577 2959 of
590 2924 712 2971 Henry
731 2923 800 2958 111.
820 2924 926 2959 dated
942 2924 1013 2959 22d
1029 2924 1194 2971 January,
1214 2925 1333 2960 orders
1353 2925 1536 2960 Gameline
1548 2931 1587 2960 to
1603 2927 1647 2961 be
1663 2926 1827 2967 attested,
1847 2926 1879 2960 if
1891 2926 1936 2961 he
1953 2926 2081 2962 should
2097 2928 2298 2964 endeavour

356 2985 394 3014 to
419 2991 499 3025 pass
524 2979 677 3026 through
696 2979 866 3025 England.
920 2981 1016 3015 Foed.
1034 2980 1057 3015 i.
1079 2982 1160 3015 369.
1330 2981 1346 3000 ‘¹
1366 2981 1516 3022 Fordun,
1537 2981 1571 3015 ii.
1591 2983 1648 3022 92,
1677 2993 1755 3027 says
1780 2981 1826 3018 he
1851 2982 1931 3017 died
1955 2982 1991 3017 in
2019 2985 2127 3023 1256;
2146 2996 2206 3019 see
2223 2985 2297 3020 also

357 3035 470 3075 Kez‘th,
490 3046 526 3081 p.
550 3035 627 3076 173,
648 3035 766 3070 where
782 3047 804 3070 a
820 3034 948 3070 double
965 3046 1059 3070 error
1075 3047 1156 3082 may
1171 3036 1215 3071 be
1228 3035 1409 3070 observed.
1556 3036 1570 3051 ⁹
1593 3036 1706 3071 Sewal
1722 3036 1802 3071 died
1818 3037 1901 3072 12th
1922 3037 2016 3084 May,
2036 3041 2136 3080 1258,
2157 3040 2227 3075 and
2243 3041 2296 3075 his

355 3102 547 3131 successor,
570 3090 726 3137 Godfrey
742 3091 786 3126 de
806 3090 1000 3132 Ludeham‚
1020 3103 1092 3126 was
1105 3091 1240 3126 elected
1257 3091 1344 3126 25th
1357 3091 1379 3126 J
1381 3091 1450 3137 uly.
1505 3091 1571 3126 See
1588 3091 1647 3126 M.
1662 3093 1774 3133 Paris,
1794 3103 1853 3138 pp.
1873 3095 1954 3134 652,
1974 3096 2055 3129 655.
2201 3095 2214 3115 ¹
2231 3096 2298 3132 See

357 3147 453 3192 Faed.
471 3147 494 3181 i.
515 3148 596 3188 376,
617 3148 698 3188 377,
718 3148 799 3185 378.
922 3146 938 3167 ⁸
960 3146 1168 3193 Humphrey
1183 3146 1227 3182 de
1248 3146 1387 3187 Bohun,
1406 3146 1508 3181 ninth
1525 3146 1596 3181 earl
1613 3145 1655 3181 of
1669 3145 1852 3183 Hereford.
1888 3149 2006 3195 Dugd.
2026 3149 2153 3185 Baton.
2172 3151 2195 3184 i.
2215 3153 2293 3186 180.

353 3201 372 3221 ‘¹
394 3202 546 3238 William
563 3203 607 3238 de
627 3203 798 3244 Fortibus,
827 3202 976 3237 seventh
1000 3202 1071 3238 εει-1
1088 3201 1130 3238 of
1144 3201 1352 3238 Albemarle.
1404 3203 1522 3248 Dugd.
1539 3202 1666 3237 Bau-on.
1685 3201 1709 3238 i.
1727 3205 1785 3238 64.
1931 3203 1941 3224 ¹
1959 3203 2067 3246 John,
2091 3203 2170 3241 fisth
2186 3207 2296 3242 baron

358 3257 479 3293 Baliol.
529 3259 647 3305 Dugd.
662 3259 789 3294 Baron.
808 3258 830 3293 i.
850 3259 931 3293 524.
