2852 3874
0 0 15 77 <³³¹-

394 443 526 497 A.D.
569 448 709 501 1057.
849 443 1272 495 CHRONICA
1323 445 1423 494 DE
1475 444 1859 495 MAILROS.
2257 453 2318 497 53

391 584 585 634 Henrici
609 586 742 651 regni
766 584 1104 651 gubernacula,
1128 601 1259 650 puer,
1279 592 1327 633 et
1350 585 1533 650 virgoxx
1555 585 1603 633 in
1626 585 1893 651 virginitate
1917 586 1999 634 sua
2023 601 2322 650 permanens,

388 665 541 730 gratia
575 664 669 713 Dei
705 665 747 713 ei
779 665 1044 729 inspirante,
1069 665 1215 729 usque
1251 663 1312 712 ad
1346 663 1527 712 obitum
1558 665 1722 720 suum3
1758 665 1973 730 regnavit
2006 665 2148 730 igitur
2184 667 2316 715 annis

387 744 466 808 xij.
505 751 553 792 et
587 743 797 800 dimidio,
833 751 881 792 et
915 743 1153 792 hominem
1188 759 1364 791 exuens
1399 743 1501 791 celo
1538 744 1774 808 susceptus
1814 761 1857 792 v.
1894 743 2002 792 idus
2038 744 2318 794 Decembris

391 822 541 887 [Dec.
568 822 619 888 8]
643 841 656 878 ;
685 823 752 871 ita
775 823 904 888 quod
931 822 1197 870 Willelmus
1219 822 1363 869 frater
1398 822 1499 886 ejus
1523 821 1692 870 eodem
1717 839 1856 878 anno,
1885 823 2058 871 scilicet
2083 823 2144 871 ab
2167 824 2316 873 incar-

387 901 578 950 natione
605 901 799 949 Domini
822 900 1017 949 M.c.lxv.
1043 915 1242 964 regnum
1265 900 1477 963 suscepit,
1509 907 1557 947 et
1592 916 1715 947 anno
1739 902 1871 965 regni
1895 902 1962 949 sui
1997 903 2153 967 xxxiij.
2179 911 2318 953 natus

388 980 456 1027 est
490 980 534 1028 ei
568 980 689 1027 filius
717 979 818 1043 ejus
845 977 1132 1032 Alexander,
1158 977 1218 1025 ab
1250 977 1571 1026 incarnatione
1603 977 1795 1026 Domini
1826 981 2084 1045 M.c.xcviij.
2119 989 2166 1029 et
2191 999 2315 1031 anno

387 1058 521 1123 regni
544 1058 612 1105 sui
636 1057 744 1104 xlix.
771 1055 902 1104 obiit.

455 1135 727 1183 Alexander
751 1151 861 1183 vero
884 1134 1006 1183 filius
1043 1135 1144 1199 ejus
1179 1135 1281 1199 post
1305 1135 1486 1183 obitum
1523 1136 1657 1184 suum
1692 1138 1890 1202 suscepit
1913 1155 2112 1204 regnum
2137 1141 2321 1190 honori-

386 1215 488 1270 fice,
526 1222 573 1262 et
609 1231 732 1262 anno
767 1214 994 1278 M.0(:.xxj.
1032 1214 1268 1278 copulavit
1291 1214 1373 1262 fibi
1408 1215 1455 1262 in
1491 1216 1845 1263 matrimonium
1880 1216 2147 1266 Johannam
2181 1219 2323 1268 filiam

386 1293 616 1342 ,Iohannis
639 1293 779 1358 regis,
805 1300 853 1340 et
876 1294 1079 1340 sororem
1106 1292 1304 1341 Henrici
1328 1294 1452 1358 regis
1479 1293 1670 1359 Anglie,
1699 1295 1904 1351 Postea,y
1928 1297 2068 1361 elapfi
2087 1298 2188 1345 sunt
2214 1300 2321 1347 anni

387 1372 482 1437 xlij.
521 1390 614 1437 que
651 1389 774 1420 anno
809 1372 1130 1436 M.00.xxxviij.
1157 1372 1279 1419 obiit
1303 1372 1396 1420 fine
1432 1373 1619 1429 liberis;
1656 1383 1941 1439 quapropter
1975 1376 2100 1424 idem
2131 1394 2211 1424 rex
2247 1395 2321 1426 ac-

387 1452 512 1516 cepit
536 1453 583 1499 in
609 1469 800 1499 uxorem
827 1451 1032 1499 Mariam
1046 1452 1189 1499 filiam
1212 1451 1432 1516 Ingeram
1444 1452 1472 1516 ij
1495 1452 1554 1500 de
1578 1453 1760 1501 Couchi
1786 1471 1908 1501 anno
1926 1456 2210 1504 M.cc.xxxix.
2231 1473 2323 1521 que

386 1531 569 1595 peperit
594 1531 636 1579 ei
660 1532 806 1578 filium
830 1547 953 1578 anno
978 1531 1189 1594 M.cc.xlj.
1216 1547 1392 1578 vocans
1428 1548 1537 1578 eum
1575 1531 1962 1589 Alexsandrum,y
1984 1535 2086 1598 post
2110 1535 2210 1598 ejus
2240 1552 2320 1584 na-

387 1611 617 1658 tivitatem
643 1610 871 1674 competiz
895 1610 998 1657 sunt
1023 1609 1132 1656 anni
1157 1610 1266 1674 xxij.
1294 1627 1417 1656 anno
1453 1610 1693 1658 M.cc.xlix.
1721 1618 1767 1658 et
1791 1612 1923 1676 regni
1949 1613 2015 1660 sui
2041 1630 2176 1661 xxxv.

456 1690 588 1738 Obiit
631 1688 901 1737 Alexander
949 1705 1030 1736 rex
1064 1688 1286 1752 pacificus
1322 1689 1414 1752 viij.
1452 1688 1555 1736 idus
1591 1688 1700 1754 Julij
1733 1689 1847 1753 [Jul.
1891 1690 1962 1755 8]‚
2005 1692 2079 1739 cui
2114 1693 2318 1740 succeflit

390 1769 661 1817 Alexander
695 1768 815 1816 filius
856 1767 957 1831 ejus
981 1767 1045 1831 iij.
1071 1767 1176 1815 idus
1200 1767 1340 1832 Julijy
1368 1767 1483 1831 [Jul.
1527 1767 1626 1831 13]‚
1651 1768 1812 1831 postea
1837 1769 2057 1833 completi
2083 1771 2184 1818 sunt
2209 1772 2317 1819 anni

387 1848 499 1912 xiiij.

455 1929 566 1976 Post
588 1929 915 1976 fundationem
943 1928 1183 1992 Cistereija
1206 1925 1310 1975 coh.
1335 1923 1392 1975 ‘a.
1420 1929 1581 1993 clxvj.]

455 2007 596 2055 Anno
621 2008 774 2072 M.lvij.
813 2008 922 2055 clito
959 2006 1219 2054 Edwardus
1256 2006 1495 2054 Edmundi
1535 2007 1693 2055 Ferrei
1728 2008 1886 2056 lateris
1922 2011 2045 2073 regis
2080 2011 2199 2058 filius
2234 2028 2315 2075 pro

387 2104 481 2152 quo
506 2104 587 2134 rex
611 2087 658 2134 in
680 2086 894 2151 Ungaria
918 2086 1103 2133 miserat
1122 2093 1173 2132 ut
1197 2102 1359 2150 regem
1384 2086 1486 2149 post
1509 2087 1556 2133 se
1575 2086 1885 2142 substitueret,
1906 2088 2020 2135 obiit
2043 2088 2314 2138 Lundoniis.

455 2165 588 2214 Obiit
611 2165 735 2213 bone
759 2165 983 2213 memorie
1012 2164 1258 2212 Leofricus
1283 2181 1456 2219 comes,
1490 2165 1622 2213 ducis
1649 2165 1907 2214 Leosewini
1943 2168 2078 2223 filius,
2104 2169 2183 2232 qui
2210 2185 2316 2216 cum

386 2246 467 2293 sua
491 2262 635 2292 uxore
664 2244 855 2293 Godiua
880 2244 1130 2291 cenobium
1154 2243 1452 2291 Conuentrec
1477 2245 1535 2291 de
1560 2245 1640 2292 suo
1665 2246 1943 2309 patrimonio
1969 2247 2317 2296 construxerunt

389 2323 468 2371 ubi
494 2331 540 2371 et
564 2325 771 2388 sepultus
796 2323 877 2378 est,
904 2323 979 2370 cui
1005 2322 1211 2370 succeffit
1239 2322 1475 2387 Algarusd
1498 2323 1618 2372 filius
1643 2324 1759 2388 ejus.

455 2402 596 2450 Anno
620 2403 790 2467 M.lviij.
819 2402 1026 2467 Algarus
1062 2418 1219 2450 comes
1243 2402 1446 2449 secundo
1483 2420 1511 2450 a
1529 2420 1642 2467 rege
1670 2403 1917 2459 Edwardo,
1943 2405 2186 2469 exlegatus
2218 2405 2314 2460 est;

386 2481 465 2529 sed
496 2482 621 2546 regis
661 2482 971 2529 Walanorum
1011 2480 1177 2528 Grifini
1207 2481 1449 2544 juvamine
1486 2488 1533 2529 et
1570 2481 1875 2546 Noreganice
1911 2483 2071 2538 claffis,
2108 2500 2190 2547 per
2223 2484 2315 2531 vim

386 2562 518 2608 suum
543 2560 817 2607 comitatum
841 2560 1032 2624 recepit.

454 2638 690 2686 Aldredus
718 2638 1040 2703 Wigornenfis
1064 2655 1193 2686 mare
1212 2638 1451 2695 transiens,
1477 2656 1559 2704 per
1584 2639 1845 2704 Ungariam
1874 2640 2187 2689 Ierosolimam
2211 2659 2312 2706 pro-

385 2717 541 2765 seStus
566 2716 647 2765 est.

431 2856 467 2871 ¹⁸
490 2857 569 2891 The
585 2857 771 2892 ridiculous
789 2857 858 2892 and
873 2855 958 2892 false
974 2857 1062 2892 tales
1080 2856 1288 2902 concerning
1317 2855 1483 2893 Malcolm
1501 2857 1563 2893 the
1584 2854 1738 2899 Maiden,
1759 2868 1850 2893 were
1874 2859 2041 2905 probably
2057 2858 2244 2904 originated
2268 2859 2314 2905 by

393 2914 441 2947 W.
462 2913 625 2958 AVeubrig.
657 2913 722 2947 See
739 2912 793 2946 his
813 2914 904 2947 Hist.
923 2924 958 2958 p.
978 2915 1036 2946 85.
1182 2912 1197 2932 ’
1218 2913 1250 2947 It
1266 2913 1294 2946 is
1311 2914 1358 2958 by
1374 2924 1420 2947 no
1438 2925 1556 2947 means
1574 2914 1664 2947 clear
1679 2920 1718 2947 to
1735 2913 1829 2947 what
1846 2914 1914 2948 this
1932 2914 2000 2948 and
2016 2914 2077 2948 the
2094 2915 2219 2949 similar
2235 2926 2314 2949 sen-

383 2974 503 3002 tences
521 2968 556 3002 in
573 2968 634 3002 the
651 2974 791 3013 present
807 2979 888 3013 year
905 2968 1031 3002 allude.
1177 2967 1190 2981 “
1215 2967 1415 3012 Completi?
1545 2969 1625 3012 (18)
1644 2967 1658 2982 “
1681 2969 1760 3002 The
1777 2969 1877 3003 order
1893 2969 1935 3003 of
1945 2969 2006 3004 the
2020 2970 2226 3004 Cistercians
2242 2980 2314 3004 was

383 3023 566 3057 instituted
587 3024 634 3068 by
648 3023 790 3063 Robert,
811 3024 916 3057 abbot
934 3022 975 3057 of
989 3022 1171 3063 Molesme,
1191 3022 1226 3056 in
1247 3025 1348 3057 1098.
1368 3023 1429 3056 Du
1447 3022 1609 3069 Fra-noy,
1629 3023 1663 3057 ii.
1682 3026 1763 3057 444.
1818 3023 1956 3069 Adding
1978 3024 2040 3058 the
2068 3026 2132 3059 166
2156 3035 2255 3070 years
2280 3023 2323 3058 of

384 3077 448 3112 the
473 3084 550 3113 text
573 3085 611 3113 to
635 3078 714 3113 that
739 3079 830 3118 date,
851 3090 904 3112 we
921 3078 1011 3112 have
1028 3078 1090 3113 the
1114 3090 1196 3124 year
1216 3081 1316 3118 1164,
1337 3077 1452 3112 which
1470 3079 1498 3112 is
1515 3078 1636 3112 within
1653 3091 1675 3113 a
1690 3091 1771 3124 year
1788 3078 1830 3114 of
1844 3079 1906 3114 the
1923 3080 2003 3114 date
2020 3079 2062 3114 of
2079 3079 2141 3114 the
2157 3079 2263 3114 death
2280 3079 2323 3114 of

306 3131 314 3139 “
387 3132 552 3168 Malcolm
568 3134 629 3168 IV.
671 3134 703 3168 It
719 3145 842 3174 seems,
858 3133 1042 3174 therefore,
1062 3140 1125 3167 not
1138 3133 1349 3178 improbable
1362 3133 1439 3167 that
1451 3133 1512 3167 the
1525 3140 1666 3178 present
1681 3134 1750 3168 line
1763 3145 1834 3169 was
1846 3134 2013 3170 intended
2024 3145 2062 3169 as
2075 3146 2120 3169 an
2136 3135 2313 3175 insertion,

383 3187 472 3223 aster
488 3189 567 3223 that
583 3194 701 3223 event.
848 3188 863 3207 b
885 3189 991 3234 Upon
1008 3188 1069 3222 the
1088 3191 1167 3223 31st
1184 3187 1225 3223 of
1239 3189 1387 3233 August.
1408 3189 1444 3222 S.
1463 3189 1623 3229 Dunelm,
1647 3191 1724 3223 189.
1869 3188 1883 3204 ⁰
1906 3189 1972 3224 See
1990 3189 2142 3226 Monast.
2165 3189 2263 3236 Angl.
2281 3190 2315 3224 ii.

387 3245 469 3285 429,
489 3244 572 3279 edit.
595 3247 680 3279 1661
695 3258 705 3285 ς
733 3245 769 3279 S.
785 3245 945 3285 Dunelm,
965 3243 1032 3278 col.
1056 3245 1133 3278 189.
1295 3243 1311 3263 ‘¹
1330 3242 1470 3288 AElfgar,
1491 3245 1571 3278 Saae.
1584 3244 1703 3279 Chron.
1717 3255 1752 3290 p.
1772 3244 1849 3282 170.
