<?xml version="1.0" encoding="UTF-8"?>
<!DOCTYPE html PUBLIC "-//W3C//DTD XHTML 1.0 Transitional//EN"
    "http://www.w3.org/TR/xhtml1/DTD/xhtml1-transitional.dtd">
<html xmlns="http://www.w3.org/1999/xhtml" xml:lang="en" lang="en">
 <head>
  <title>
</title>
<meta http-equiv="Content-Type" content="text/html;charset=utf-8" />
  <meta name='ocr-system' content='tesseract 3.04.00' />
  <meta name='ocr-capabilities' content='ocr_page ocr_carea ocr_par ocr_line ocrx_word'/>
</head>
<body>
  <div class='ocr_page' id='page_1' title='image "./chronicdemailros00melruoft_0110.png"; bbox 0 0 2852 3874; ppageno 0'>
   <div class='ocr_carea' id='block_1_1' title="bbox 523 471 2451 532">
    <p class='ocr_par' dir='ltr' id='par_1_1' title="bbox 523 471 2451 532">
     <span class='ocr_line' id='line_1_1' title="bbox 523 471 2451 532; baseline -0.004 -2"><span class='ocrx_word' id='word_1_1' title='bbox 523 477 585 532; x_wconf 89' lang='lat'><strong>76</strong></span> <span class='ocrx_word' id='word_1_2' title='bbox 986 473 1409 525; x_wconf 87' lang='lat' dir='ltr'><strong>CHRONICA</strong></span> <span class='ocrx_word' id='word_1_3' title='bbox 1452 473 1554 523; x_wconf 89' lang='lat' dir='ltr'><strong>DE</strong></span> <span class='ocrx_word' id='word_1_4' title='bbox 1599 471 1981 523; x_wconf 90' lang='lat' dir='ltr'><strong>MAILROS.</strong></span> <span class='ocrx_word' id='word_1_5' title='bbox 2132 475 2267 526; x_wconf 88' lang='lat' dir='ltr'><strong>A.D.</strong></span> <span class='ocrx_word' id='word_1_6' title='bbox 2308 475 2451 527; x_wconf 89' lang='grc'><strong>1156.</strong></span> 
     </span>
    </p>
   </div>
   <div class='ocr_carea' id='block_1_2' title="bbox 520 613 2462 2724">
    <p class='ocr_par' dir='ltr' id='par_1_2' title="bbox 522 613 2456 759">
     <span class='ocr_line' id='line_1_2' title="bbox 526 613 2456 680; baseline -0.003 -10"><span class='ocrx_word' id='word_1_7' title='bbox 526 619 838 670; x_wconf 90' lang='lat' dir='ltr'><strong>Douenaldus</strong></span> <span class='ocrx_word' id='word_1_8' title='bbox 868 618 988 666; x_wconf 85' lang='lat' dir='ltr'><strong>filius</strong></span> <span class='ocrx_word' id='word_1_9' title='bbox 1014 616 1257 666; x_wconf 84' lang='lat' dir='ltr'><strong>Malcolmi</strong></span> <span class='ocrx_word' id='word_1_10' title='bbox 1282 614 1410 680; x_wconf 89' lang='lat' dir='ltr'><strong>apud</strong></span> <span class='ocrx_word' id='word_1_11' title='bbox 1437 613 1653 663; x_wconf 89' lang='lat' dir='ltr'><strong>Witerne</strong></span> <span class='ocrx_word' id='word_1_12' title='bbox 1685 622 1852 680; x_wconf 87' lang='lat' dir='ltr'><strong>captus</strong></span> <span class='ocrx_word' id='word_1_13' title='bbox 1875 614 1958 671; x_wconf 86' lang='lat' dir='ltr'><strong>est,</strong></span> <span class='ocrx_word' id='word_1_14' title='bbox 1989 622 2039 663; x_wconf 91' lang='lat' dir='ltr'><strong>et</strong></span> <span class='ocrx_word' id='word_1_15' title='bbox 2061 615 2379 666; x_wconf 80' lang='lat' dir='ltr'><strong>incarceratus</strong></span> <span class='ocrx_word' id='word_1_16' title='bbox 2407 617 2456 665; x_wconf 90' lang='lat' dir='ltr'><strong>in</strong></span> 
     </span>
     <span class='ocr_line' id='line_1_3' title="bbox 522 694 1455 759; baseline -0.008 -11"><span class='ocrx_word' id='word_1_17' title='bbox 522 707 647 748; x_wconf 90' lang='lat' dir='ltr'><strong>turre</strong></span> <span class='ocrx_word' id='word_1_18' title='bbox 671 699 730 747; x_wconf 91' lang='lat' dir='ltr'><strong>de</strong></span> <span class='ocrx_word' id='word_1_19' title='bbox 757 696 1026 745; x_wconf 85' lang='lat' dir='ltr'><strong>Rokesburc</strong></span> <span class='ocrx_word' id='word_1_20' title='bbox 1050 711 1157 743; x_wconf 91' lang='lat' dir='ltr'><strong>cum</strong></span> <span class='ocrx_word' id='word_1_21' title='bbox 1180 701 1313 759; x_wconf 90' lang='lat' dir='ltr'><strong>patre</strong></span> <span class='ocrx_word' id='word_1_22' title='bbox 1337 694 1455 742; x_wconf 84' lang='lat' dir='ltr'><strong>suo.¹</strong></span> 
     </span>
    </p>

    <p class='ocr_par' dir='ltr' id='par_1_3' title="bbox 520 771 2457 998">
     <span class='ocr_line' id='line_1_4' title="bbox 591 771 2456 839; baseline -0.002 -14"><span class='ocrx_word' id='word_1_23' title='bbox 591 777 731 826; x_wconf 91' lang='lat' dir='ltr'><strong>Anno</strong></span> <span class='ocrx_word' id='word_1_24' title='bbox 765 774 963 839; x_wconf 80' lang='lat' dir='ltr'><strong>M.c.lvij.</strong></span> <span class='ocrx_word' id='word_1_25' title='bbox 1005 790 1087 822; x_wconf 90' lang='lat' dir='ltr'><strong>rex</strong></span> <span class='ocrx_word' id='word_1_26' title='bbox 1123 772 1408 822; x_wconf 84' lang='lat' dir='ltr'><strong>Malcolmus</strong></span> <span class='ocrx_word' id='word_1_27' title='bbox 1447 772 1718 821; x_wconf 88' lang='lat' dir='ltr'><strong>Scottorum</strong></span> <span class='ocrx_word' id='word_1_28' title='bbox 1751 772 1945 821; x_wconf 87' lang='lat' dir='ltr'><strong>veniens</strong></span> <span class='ocrx_word' id='word_1_29' title='bbox 1979 771 2041 821; x_wconf 92' lang='lat' dir='ltr'><strong>ad</strong></span> <span class='ocrx_word' id='word_1_30' title='bbox 2077 787 2242 838; x_wconf 90' lang='lat' dir='ltr'><strong>regem</strong></span> <span class='ocrx_word' id='word_1_31' title='bbox 2279 772 2456 839; x_wconf 88' lang='lat' dir='ltr'><strong>Anglie</strong></span> 
     </span>
     <span class='ocr_line' id='line_1_5' title="bbox 525 851 2457 919; baseline -0.001 -16"><span class='ocrx_word' id='word_1_32' title='bbox 525 855 783 904; x_wconf 88' lang='lat' dir='ltr'><strong>Henricum</strong></span> <span class='ocrx_word' id='word_1_33' title='bbox 821 853 947 919; x_wconf 90' lang='lat' dir='ltr'><strong>apud</strong></span> <span class='ocrx_word' id='word_1_34' title='bbox 976 852 1204 908; x_wconf 89' lang='lat' dir='ltr'><strong>Cestram,</strong></span> <span class='ocrx_word' id='word_1_35' title='bbox 1240 852 1428 901; x_wconf 90' lang='lat' dir='ltr'><strong>devenit</strong></span> <span class='ocrx_word' id='word_1_36' title='bbox 1461 851 1604 900; x_wconf 90' lang='lat' dir='ltr'><strong>homo</strong></span> <span class='ocrx_word' id='word_1_37' title='bbox 1639 853 1761 908; x_wconf 89' lang='lat' dir='ltr'><strong>suus,</strong></span> <span class='ocrx_word' id='word_1_38' title='bbox 1798 868 1856 900; x_wconf 93' lang='lat' dir='ltr'><strong>eo</strong></span> <span class='ocrx_word' id='word_1_39' title='bbox 1890 851 2033 900; x_wconf 91' lang='lat' dir='ltr'><strong>modo</strong></span> <span class='ocrx_word' id='word_1_40' title='bbox 2067 869 2164 917; x_wconf 91' lang='lat' dir='ltr'><strong>quo</strong></span> <span class='ocrx_word' id='word_1_41' title='bbox 2200 868 2316 901; x_wconf 89' lang='lat' dir='ltr'><strong>avus</strong></span> <span class='ocrx_word' id='word_1_42' title='bbox 2349 853 2457 902; x_wconf 88' lang='lat' dir='ltr'><strong>suus</strong></span> 
     </span>
     <span class='ocr_line' id='line_1_6' title="bbox 520 930 2305 998; baseline -0.001 -16"><span class='ocrx_word' id='word_1_43' title='bbox 520 936 673 982; x_wconf 90' lang='lat' dir='ltr'><strong>fuerat</strong></span> <span class='ocrx_word' id='word_1_44' title='bbox 696 933 837 981; x_wconf 91' lang='lat' dir='ltr'><strong>homo</strong></span> <span class='ocrx_word' id='word_1_45' title='bbox 861 933 1030 981; x_wconf 89' lang='lat' dir='ltr'><strong>veteris</strong></span> <span class='ocrx_word' id='word_1_46' title='bbox 1054 932 1179 998; x_wconf 88' lang='lat' dir='ltr'><strong>regis</strong></span> <span class='ocrx_word' id='word_1_47' title='bbox 1205 931 1417 987; x_wconf 89' lang='lat' dir='ltr'><strong>Henrici,</strong></span> <span class='ocrx_word' id='word_1_48' title='bbox 1441 931 1576 980; x_wconf 89' lang='lat' dir='ltr'><strong>salvis</strong></span> <span class='ocrx_word' id='word_1_49' title='bbox 1600 931 1818 980; x_wconf 91' lang='lat' dir='ltr'><strong>omnibus</strong></span> <span class='ocrx_word' id='word_1_50' title='bbox 1842 930 2152 997; x_wconf 86' lang='lat' dir='ltr'><strong>dignitatibus</strong></span> <span class='ocrx_word' id='word_1_51' title='bbox 2174 931 2305 981; x_wconf 80' lang='lat' dir='ltr'><strong>suis.⁸</strong></span> 
     </span>
    </p>

    <p class='ocr_par' dir='ltr' id='par_1_4' title="bbox 588 1010 2456 1077">
     <span class='ocr_line' id='line_1_7' title="bbox 588 1010 2456 1077; baseline -0.001 -16"><span class='ocrx_word' id='word_1_52' title='bbox 588 1012 692 1061; x_wconf 90' lang='lat' dir='ltr'><strong>Rex</strong></span> <span class='ocrx_word' id='word_1_53' title='bbox 719 1011 953 1061; x_wconf 90' lang='lat' dir='ltr'><strong>Henricus</strong></span> <span class='ocrx_word' id='word_1_54' title='bbox 971 1012 1172 1077; x_wconf 90' lang='lat' dir='ltr'><strong>primum</strong></span> <span class='ocrx_word' id='word_1_55' title='bbox 1190 1011 1446 1059; x_wconf 92' lang='lat' dir='ltr'><strong>exercitum</strong></span> <span class='ocrx_word' id='word_1_56' title='bbox 1471 1010 1604 1059; x_wconf 90' lang='lat' dir='ltr'><strong>duxit</strong></span> <span class='ocrx_word' id='word_1_57' title='bbox 1626 1011 1674 1058; x_wconf 93' lang='lat' dir='ltr'><strong>in</strong></span> <span class='ocrx_word' id='word_1_58' title='bbox 1697 1010 1980 1067; x_wconf 75' lang='lat' dir='ltr'><strong>Walliam,⁸⁸</strong></span> <span class='ocrx_word' id='word_1_59' title='bbox 2004 1019 2051 1059; x_wconf 93' lang='lat' dir='ltr'><strong>et</strong></span> <span class='ocrx_word' id='word_1_60' title='bbox 2076 1011 2201 1076; x_wconf 88' lang='lat' dir='ltr'><strong>cepit</strong></span> <span class='ocrx_word' id='word_1_61' title='bbox 2222 1010 2456 1060; x_wconf 88' lang='lat' dir='ltr'><strong>Rueland.</strong></span> 
     </span>
    </p>

    <p class='ocr_par' dir='ltr' id='par_1_5' title="bbox 524 1090 2458 1237">
     <span class='ocr_line' id='line_1_8' title="bbox 589 1090 2458 1157; baseline 0.001 -17"><span class='ocrx_word' id='word_1_62' title='bbox 589 1092 731 1140; x_wconf 91' lang='lat' dir='ltr'><strong>Anno</strong></span> <span class='ocrx_word' id='word_1_63' title='bbox 755 1091 970 1156; x_wconf 83' lang='lat' dir='ltr'><strong>M.c.lviij.</strong></span> <span class='ocrx_word' id='word_1_64' title='bbox 1007 1092 1177 1140; x_wconf 88' lang='lat' dir='ltr'><strong>iterum</strong></span> <span class='ocrx_word' id='word_1_65' title='bbox 1210 1091 1446 1139; x_wconf 88' lang='lat' dir='ltr'><strong>firmatum</strong></span> <span class='ocrx_word' id='word_1_66' title='bbox 1482 1090 1549 1138; x_wconf 95' lang='lat' dir='ltr'><strong>est</strong></span> <span class='ocrx_word' id='word_1_67' title='bbox 1584 1090 1826 1139; x_wconf 91' lang='lat' dir='ltr'><strong>castellum</strong></span> <span class='ocrx_word' id='word_1_68' title='bbox 1862 1090 1922 1139; x_wconf 93' lang='lat' dir='ltr'><strong>de</strong></span> <span class='ocrx_word' id='word_1_69' title='bbox 1958 1090 2120 1147; x_wconf 91' lang='lat' dir='ltr'><strong>Werc,</strong></span> <span class='ocrx_word' id='word_1_70' title='bbox 2155 1091 2458 1157; x_wconf 84' lang='lat' dir='ltr'><strong>praecipiente</strong></span> 
     </span>
     <span class='ocr_line' id='line_1_9' title="bbox 524 1170 879 1237; baseline -0.003 -17"><span class='ocrx_word' id='word_1_71' title='bbox 524 1188 635 1237; x_wconf 91' lang='lat' dir='ltr'><strong>rege</strong></span> <span class='ocrx_word' id='word_1_72' title='bbox 663 1170 879 1236; x_wconf 89' lang='lat' dir='ltr'><strong>Anglie.b</strong></span> 
     </span>
    </p>

    <p class='ocr_par' dir='ltr' id='par_1_6' title="bbox 524 1236 2458 1459">
     <span class='ocr_line' id='line_1_10' title="bbox 591 1236 2458 1316; baseline 0 -17"><span class='ocrx_word' id='word_1_73' title='bbox 591 1250 694 1299; x_wconf 86' lang='lat' dir='ltr'><strong>Rex</strong></span> <span class='ocrx_word' id='word_1_74' title='bbox 722 1236 896 1316; x_wconf 80' lang='lat' dir='ltr'><strong>Anglie</strong></span> <span class='ocrx_word' id='word_1_75' title='bbox 924 1248 1158 1298; x_wconf 89' lang='lat' dir='ltr'><strong>Henricus</strong></span> <span class='ocrx_word' id='word_1_76' title='bbox 1193 1258 1240 1298; x_wconf 91' lang='lat' dir='ltr'><strong>et</strong></span> <span class='ocrx_word' id='word_1_77' title='bbox 1266 1249 1552 1298; x_wconf 88' lang='lat' dir='ltr'><strong>Malcolmus</strong></span> <span class='ocrx_word' id='word_1_78' title='bbox 1586 1264 1667 1298; x_wconf 90' lang='lat' dir='ltr'><strong>rex</strong></span> <span class='ocrx_word' id='word_1_79' title='bbox 1697 1249 1967 1298; x_wconf 85' lang='lat' dir='ltr'><strong>Scottorum</strong></span> <span class='ocrx_word' id='word_1_80' title='bbox 2003 1250 2131 1315; x_wconf 88' lang='lat' dir='ltr'><strong>apud</strong></span> <span class='ocrx_word' id='word_1_81' title='bbox 2159 1249 2317 1299; x_wconf 90' lang='lat' dir='ltr'><strong>Carlel</strong></span> <span class='ocrx_word' id='word_1_82' title='bbox 2349 1267 2458 1299; x_wconf 90' lang='lat' dir='ltr'><strong>con-</strong></span> 
     </span>
     <span class='ocr_line' id='line_1_11' title="bbox 524 1327 2458 1395; baseline 0.001 -17"><span class='ocrx_word' id='word_1_83' title='bbox 524 1338 764 1385; x_wconf 89' lang='lat' dir='ltr'><strong>venerunt,</strong></span> <span class='ocrx_word' id='word_1_84' title='bbox 806 1329 885 1378; x_wconf 90' lang='lat' dir='ltr'><strong>sed</strong></span> <span class='ocrx_word' id='word_1_85' title='bbox 925 1346 1019 1377; x_wconf 92' lang='lat' dir='ltr'><strong>non</strong></span> <span class='ocrx_word' id='word_1_86' title='bbox 1052 1329 1173 1377; x_wconf 91' lang='lat' dir='ltr'><strong>bene</strong></span> <span class='ocrx_word' id='word_1_87' title='bbox 1214 1329 1449 1393; x_wconf 89' lang='lat' dir='ltr'><strong>pacificati</strong></span> <span class='ocrx_word' id='word_1_88' title='bbox 1485 1328 1753 1377; x_wconf 88' lang='lat' dir='ltr'><strong>abinuicem</strong></span> <span class='ocrx_word' id='word_1_89' title='bbox 1789 1327 2103 1385; x_wconf 73' lang='lat' dir='ltr'><strong>discesserunt,</strong></span> <span class='ocrx_word' id='word_1_90' title='bbox 2139 1329 2345 1395; x_wconf 90' lang='lat' dir='ltr'><strong>ideoque</strong></span> <span class='ocrx_word' id='word_1_91' title='bbox 2377 1348 2458 1379; x_wconf 88' lang='lat' dir='ltr'><strong>rex</strong></span> 
     </span>
     <span class='ocr_line' id='line_1_12' title="bbox 529 1406 1571 1459; baseline -0.003 -1"><span class='ocrx_word' id='word_1_92' title='bbox 529 1411 798 1459; x_wconf 88' lang='lat' dir='ltr'><strong>Scottorum</strong></span> <span class='ocrx_word' id='word_1_93' title='bbox 821 1426 915 1457; x_wconf 92' lang='lat' dir='ltr'><strong>non</strong></span> <span class='ocrx_word' id='word_1_94' title='bbox 941 1409 1096 1457; x_wconf 86' lang='lat' dir='ltr'><strong>adhuc</strong></span> <span class='ocrx_word' id='word_1_95' title='bbox 1119 1409 1253 1456; x_wconf 86' lang='lat' dir='ltr'><strong>miles</strong></span> <span class='ocrx_word' id='word_1_96' title='bbox 1284 1408 1442 1456; x_wconf 63' lang='lat' dir='ltr'><strong>factus</strong></span> <span class='ocrx_word' id='word_1_97' title='bbox 1467 1406 1571 1456; x_wconf 82' lang='lat' dir='ltr'><strong>est.c</strong></span> 
     </span>
    </p>

    <p class='ocr_par' dir='ltr' id='par_1_7' title="bbox 592 1487 2078 1552">
     <span class='ocr_line' id='line_1_13' title="bbox 592 1487 2078 1552; baseline -0.002 -15"><span class='ocrx_word' id='word_1_98' title='bbox 592 1488 733 1537; x_wconf 91' lang='lat' dir='ltr'><strong>Anno</strong></span> <span class='ocrx_word' id='word_1_99' title='bbox 757 1489 939 1538; x_wconf 84' lang='lat' dir='ltr'><strong>M.c.lix.</strong></span> <span class='ocrx_word' id='word_1_100' title='bbox 977 1488 1094 1536; x_wconf 91' lang='lat' dir='ltr'><strong>obiit</strong></span> <span class='ocrx_word' id='word_1_101' title='bbox 1120 1487 1388 1535; x_wconf 89' lang='lat' dir='ltr'><strong>Rodbertus</strong></span> <span class='ocrx_word' id='word_1_102' title='bbox 1413 1487 1658 1552; x_wconf 89' lang='lat' dir='ltr'><strong>episcopus</strong></span> <span class='ocrx_word' id='word_1_103' title='bbox 1692 1487 1842 1535; x_wconf 65' lang='lat' dir='ltr'><strong>sancti</strong></span> <span class='ocrx_word' id='word_1_104' title='bbox 1870 1487 2078 1535; x_wconf 88' lang='lat' dir='ltr'><strong>Andree.</strong></span> 
     </span>
    </p>

    <p class='ocr_par' dir='ltr' id='par_1_8' title="bbox 524 1565 2461 1949">
     <span class='ocr_line' id='line_1_14' title="bbox 594 1565 2459 1633; baseline 0.001 -18"><span class='ocrx_word' id='word_1_105' title='bbox 594 1568 726 1616; x_wconf 89' lang='lat' dir='ltr'><strong>Obiit</strong></span> <span class='ocrx_word' id='word_1_106' title='bbox 743 1567 820 1632; x_wconf 93' lang='lat' dir='ltr'><strong>pie</strong></span> <span class='ocrx_word' id='word_1_107' title='bbox 844 1567 1067 1615; x_wconf 90' lang='lat' dir='ltr'><strong>memorie</strong></span> <span class='ocrx_word' id='word_1_108' title='bbox 1088 1565 1382 1614; x_wconf 86' lang='lat' dir='ltr'><strong>Waldeuusd</strong></span> <span class='ocrx_word' id='word_1_109' title='bbox 1400 1565 1548 1614; x_wconf 89' lang='lat' dir='ltr'><strong>abbas</strong></span> <span class='ocrx_word' id='word_1_110' title='bbox 1567 1566 1614 1630; x_wconf 91' lang='lat' dir='ltr'><strong>ij.</strong></span> <span class='ocrx_word' id='word_1_111' title='bbox 1633 1565 1692 1613; x_wconf 94' lang='lat' dir='ltr'><strong>de</strong></span> <span class='ocrx_word' id='word_1_112' title='bbox 1710 1565 1891 1614; x_wconf 89' lang='lat' dir='ltr'><strong>Malros</strong></span> <span class='ocrx_word' id='word_1_113' title='bbox 1907 1566 1978 1630; x_wconf 89' lang='lat' dir='ltr'><strong>iij0</strong></span> <span class='ocrx_word' id='word_1_114' title='bbox 1991 1583 2222 1614; x_wconf 89' lang='lat' dir='ltr'><strong>nonarum</strong></span> <span class='ocrx_word' id='word_1_115' title='bbox 2240 1567 2459 1633; x_wconf 88' lang='lat' dir='ltr'><strong>Augusti,</strong></span> 
     </span>
     <span class='ocr_line' id='line_1_15' title="bbox 528 1644 2459 1711; baseline 0 -16"><span class='ocrx_word' id='word_1_116' title='bbox 528 1647 680 1711; x_wconf 88' lang='lat' dir='ltr'><strong>[Aug.</strong></span> <span class='ocrx_word' id='word_1_117' title='bbox 706 1646 775 1711; x_wconf 90' lang='lat'><strong>3.]</strong></span> <span class='ocrx_word' id='word_1_118' title='bbox 804 1647 884 1710; x_wconf 92' lang='lat' dir='ltr'><strong>qui</strong></span> <span class='ocrx_word' id='word_1_119' title='bbox 919 1646 1008 1694; x_wconf 87' lang='lat' dir='ltr'><strong>fuit</strong></span> <span class='ocrx_word' id='word_1_120' title='bbox 1044 1646 1278 1693; x_wconf 88' lang='lat' dir='ltr'><strong>awnculus</strong></span> <span class='ocrx_word' id='word_1_121' title='bbox 1302 1645 1426 1709; x_wconf 85' lang='lat' dir='ltr'><strong>regis</strong></span> <span class='ocrx_word' id='word_1_122' title='bbox 1461 1644 1571 1700; x_wconf 75' lang='lat' dir='ltr'><strong>M.,⁰</strong></span> <span class='ocrx_word' id='word_1_123' title='bbox 1603 1651 1650 1692; x_wconf 90' lang='lat' dir='ltr'><strong>et</strong></span> <span class='ocrx_word' id='word_1_124' title='bbox 1678 1644 1993 1693; x_wconf 73' lang='lat' dir='ltr'><strong>Willelmus0⁶</strong></span> <span class='ocrx_word' id='word_1_125' title='bbox 2025 1645 2233 1711; x_wconf 89' lang='lat' dir='ltr'><strong>ejusdem</strong></span> <span class='ocrx_word' id='word_1_126' title='bbox 2266 1646 2459 1696; x_wconf 89' lang='lat' dir='ltr'><strong>ecclefie</strong></span> 
     </span>
     <span class='ocr_line' id='line_1_16' title="bbox 524 1723 2461 1791; baseline 0.001 -18"><span class='ocrx_word' id='word_1_127' title='bbox 524 1725 781 1774; x_wconf 86' lang='lat' dir='ltr'><strong>monachus</strong></span> <span class='ocrx_word' id='word_1_128' title='bbox 817 1726 860 1773; x_wconf 93' lang='lat' dir='ltr'><strong>ei</strong></span> <span class='ocrx_word' id='word_1_129' title='bbox 895 1724 1101 1773; x_wconf 87' lang='lat' dir='ltr'><strong>succeflit</strong></span> <span class='ocrx_word' id='word_1_130' title='bbox 1137 1741 1180 1772; x_wconf 91' lang='lat' dir='ltr'><strong>v.</strong></span> <span class='ocrx_word' id='word_1_131' title='bbox 1224 1723 1451 1773; x_wconf 80' lang='lat' dir='ltr'>kalendas</span> <span class='ocrx_word' id='word_1_132' title='bbox 1485 1723 1764 1772; x_wconf 86' lang='lat' dir='ltr'><strong>Decembris</strong></span> <span class='ocrx_word' id='word_1_133' title='bbox 1804 1723 1953 1789; x_wconf 94' lang='lat' dir='ltr'><strong>[Nov.</strong></span> <span class='ocrx_word' id='word_1_134' title='bbox 1988 1725 2093 1790; x_wconf 89' lang='lat'><strong>27],</strong></span> <span class='ocrx_word' id='word_1_135' title='bbox 2137 1733 2185 1773; x_wconf 92' lang='lat' dir='ltr'><strong>et</strong></span> <span class='ocrx_word' id='word_1_136' title='bbox 2220 1726 2267 1773; x_wconf 92' lang='lat' dir='ltr'><strong>in</strong></span> <span class='ocrx_word' id='word_1_137' title='bbox 2302 1726 2461 1791; x_wconf 89' lang='lat' dir='ltr'><strong>vigilia</strong></span> 
     </span>
     <span class='ocr_line' id='line_1_17' title="bbox 524 1803 2461 1869; baseline 0.001 -17"><span class='ocrx_word' id='word_1_138' title='bbox 524 1805 672 1854; x_wconf 73' lang='lat' dir='ltr'><strong>sancti</strong></span> <span class='ocrx_word' id='word_1_139' title='bbox 710 1804 901 1852; x_wconf 91' lang='lat' dir='ltr'><strong>Andree</strong></span> <span class='ocrx_word' id='word_1_140' title='bbox 945 1804 1139 1869; x_wconf 91' lang='lat' dir='ltr'><strong>apostoli</strong></span> <span class='ocrx_word' id='word_1_141' title='bbox 1187 1803 1336 1868; x_wconf 86' lang='lat' dir='ltr'><strong>[Nov.</strong></span> <span class='ocrx_word' id='word_1_142' title='bbox 1373 1803 1479 1868; x_wconf 88' lang='lat'><strong>29],</strong></span> <span class='ocrx_word' id='word_1_143' title='bbox 1521 1820 1614 1868; x_wconf 92' lang='lat' dir='ltr'><strong>que</strong></span> <span class='ocrx_word' id='word_1_144' title='bbox 1655 1803 1892 1851; x_wconf 89' lang='lat' dir='ltr'><strong>dominica</strong></span> <span class='ocrx_word' id='word_1_145' title='bbox 1933 1803 2010 1852; x_wconf 93' lang='lat' dir='ltr'><strong>die</strong></span> <span class='ocrx_word' id='word_1_146' title='bbox 2051 1805 2222 1860; x_wconf 91' lang='lat' dir='ltr'><strong>evenit,</strong></span> <span class='ocrx_word' id='word_1_147' title='bbox 2261 1822 2289 1853; x_wconf 91' lang='lat' dir='ltr'><strong>a</strong></span> <span class='ocrx_word' id='word_1_148' title='bbox 2328 1806 2461 1854; x_wconf 92' lang='lat' dir='ltr'><strong>Glas-</strong></span> 
     </span>
     <span class='ocr_line' id='line_1_18' title="bbox 525 1882 2101 1949; baseline 0 -17"><span class='ocrx_word' id='word_1_149' title='bbox 525 1884 679 1934; x_wconf 89' lang='lat' dir='ltr'><strong>cuenfi</strong></span> <span class='ocrx_word' id='word_1_150' title='bbox 703 1884 920 1949; x_wconf 88' lang='lat' dir='ltr'><strong>episcopo</strong></span> <span class='ocrx_word' id='word_1_151' title='bbox 947 1883 1211 1931; x_wconf 90' lang='lat' dir='ltr'><strong>Hereberto</strong></span> <span class='ocrx_word' id='word_1_152' title='bbox 1237 1882 1516 1931; x_wconf 66' lang='lat' dir='ltr'><strong>benedictus</strong></span> <span class='ocrx_word' id='word_1_153' title='bbox 1541 1883 1608 1930; x_wconf 90' lang='lat' dir='ltr'><strong>est</strong></span> <span class='ocrx_word' id='word_1_154' title='bbox 1643 1883 1689 1930; x_wconf 91' lang='lat' dir='ltr'><strong>in</strong></span> <span class='ocrx_word' id='word_1_155' title='bbox 1713 1882 1868 1930; x_wconf 90' lang='lat' dir='ltr'><strong>nostra</strong></span> <span class='ocrx_word' id='word_1_156' title='bbox 1892 1883 2101 1932; x_wconf 76' lang='lat' dir='ltr'><strong>ecclesia.</strong></span> 
     </span>
    </p>

    <p class='ocr_par' dir='ltr' id='par_1_9' title="bbox 528 1961 2460 2343">
     <span class='ocr_line' id='line_1_19' title="bbox 594 1961 2459 2027; baseline 0.001 -16"><span class='ocrx_word' id='word_1_157' title='bbox 594 1963 727 2012; x_wconf 89' lang='lat' dir='ltr'><strong>Obiit</strong></span> <span class='ocrx_word' id='word_1_158' title='bbox 748 1962 1008 2011; x_wconf 76' lang='lat' dir='ltr'><strong>Adrianuss</strong></span> <span class='ocrx_word' id='word_1_159' title='bbox 1027 1979 1152 2027; x_wconf 87' lang='lat' dir='ltr'><strong>papa</strong></span> <span class='ocrx_word' id='word_1_160' title='bbox 1168 1961 1397 2010; x_wconf 80' lang='lat' dir='ltr'><strong>kalendas</strong></span> <span class='ocrx_word' id='word_1_161' title='bbox 1422 1962 1553 2026; x_wconf 86' lang='lat' dir='ltr'><strong>Sept.</strong></span> <span class='ocrx_word' id='word_1_162' title='bbox 1579 1961 1717 2026; x_wconf 88' lang='lat' dir='ltr'><strong>[Sep.</strong></span> <span class='ocrx_word' id='word_1_163' title='bbox 1745 1962 1811 2026; x_wconf 93' lang='lat'><strong>1],</strong></span> <span class='ocrx_word' id='word_1_164' title='bbox 1837 1962 1912 2009; x_wconf 91' lang='lat' dir='ltr'><strong>cui</strong></span> <span class='ocrx_word' id='word_1_165' title='bbox 1937 1962 2144 2011; x_wconf 86' lang='lat' dir='ltr'><strong>succeflit</strong></span> <span class='ocrx_word' id='word_1_166' title='bbox 2172 1963 2459 2019; x_wconf 85' lang='lat' dir='ltr'><strong>Alexander,</strong></span> 
     </span>
     <span class='ocr_line' id='line_1_20' title="bbox 528 2040 2458 2106; baseline 0 -15"><span class='ocrx_word' id='word_1_167' title='bbox 528 2043 753 2091; x_wconf 87' lang='lat' dir='ltr'><strong>canonice</strong></span> <span class='ocrx_word' id='word_1_168' title='bbox 772 2042 953 2090; x_wconf 68' lang='lat' dir='ltr'><strong>electus</strong></span> <span class='ocrx_word' id='word_1_169' title='bbox 971 2049 1018 2089; x_wconf 89' lang='lat' dir='ltr'><strong>et</strong></span> <span class='ocrx_word' id='word_1_170' title='bbox 1034 2042 1344 2096; x_wconf 86' lang='lat' dir='ltr'><strong>consecratus,</strong></span> <span class='ocrx_word' id='word_1_171' title='bbox 1361 2048 1408 2088; x_wconf 93' lang='lat' dir='ltr'><strong>et</strong></span> <span class='ocrx_word' id='word_1_172' title='bbox 1430 2040 1706 2088; x_wconf 89' lang='lat' dir='ltr'><strong>Fredericus</strong></span> <span class='ocrx_word' id='word_1_173' title='bbox 1721 2041 1973 2105; x_wconf 90' lang='lat' dir='ltr'><strong>imperator</strong></span> <span class='ocrx_word' id='word_1_174' title='bbox 1989 2042 2137 2089; x_wconf 90' lang='lat' dir='ltr'><strong>erexit</strong></span> <span class='ocrx_word' id='word_1_175' title='bbox 2151 2041 2233 2090; x_wconf 89' lang='lat' dir='ltr'><strong>fibi</strong></span> <span class='ocrx_word' id='word_1_176' title='bbox 2249 2042 2458 2106; x_wconf 65' lang='lat' dir='ltr'><strong>ydolum,</strong></span> 
     </span>
     <span class='ocr_line' id='line_1_21' title="bbox 533 2120 2460 2185; baseline 0.001 -15"><span class='ocrx_word' id='word_1_177' title='bbox 533 2122 883 2170; x_wconf 73' lang='lat' dir='ltr'><strong>O6tauianum⁸</strong></span> <span class='ocrx_word' id='word_1_178' title='bbox 906 2121 1078 2169; x_wconf 87' lang='lat' dir='ltr'><strong>scilicet</strong></span> <span class='ocrx_word' id='word_1_179' title='bbox 1103 2121 1390 2185; x_wconf 85' lang='lat' dir='ltr'><strong>antipapam,</strong></span> <span class='ocrx_word' id='word_1_180' title='bbox 1415 2135 1558 2184; x_wconf 91' lang='lat' dir='ltr'><strong>quem</strong></span> <span class='ocrx_word' id='word_1_181' title='bbox 1581 2120 1628 2167; x_wconf 91' lang='lat' dir='ltr'><strong>in</strong></span> <span class='ocrx_word' id='word_1_182' title='bbox 1653 2120 1903 2168; x_wconf 87' lang='lat' dir='ltr'><strong>execrabili</strong></span> <span class='ocrx_word' id='word_1_183' title='bbox 1929 2121 2127 2169; x_wconf 90' lang='lat' dir='ltr'><strong>concilio</strong></span> <span class='ocrx_word' id='word_1_184' title='bbox 2152 2130 2200 2169; x_wconf 92' lang='lat' dir='ltr'><strong>et</strong></span> <span class='ocrx_word' id='word_1_185' title='bbox 2224 2123 2460 2171; x_wconf 85' lang='lat' dir='ltr'><strong>conventi—</strong></span> 
     </span>
     <span class='ocr_line' id='line_1_22' title="bbox 530 2199 2459 2266; baseline 0 -17"><span class='ocrx_word' id='word_1_186' title='bbox 530 2202 635 2249; x_wconf 89' lang='lat' dir='ltr'><strong>culo</strong></span> <span class='ocrx_word' id='word_1_187' title='bbox 654 2201 932 2266; x_wconf 87' lang='lat' dir='ltr'><strong>sanguinum</strong></span> <span class='ocrx_word' id='word_1_188' title='bbox 957 2200 1082 2265; x_wconf 89' lang='lat' dir='ltr'><strong>apud</strong></span> <span class='ocrx_word' id='word_1_189' title='bbox 1104 2199 1303 2264; x_wconf 89' lang='lat' dir='ltr'><strong>Papiam</strong></span> <span class='ocrx_word' id='word_1_190' title='bbox 1322 2216 1429 2247; x_wconf 90' lang='lat' dir='ltr'><strong>cum</strong></span> <span class='ocrx_word' id='word_1_191' title='bbox 1447 2200 1529 2247; x_wconf 87' lang='lat' dir='ltr'><strong>sua</strong></span> <span class='ocrx_word' id='word_1_192' title='bbox 1553 2207 1696 2264; x_wconf 88' lang='lat' dir='ltr'><strong>gente</strong></span> <span class='ocrx_word' id='word_1_193' title='bbox 1714 2199 1874 2247; x_wconf 88' lang='lat' dir='ltr'><strong>statuit</strong></span> <span class='ocrx_word' id='word_1_194' title='bbox 1899 2199 2207 2256; x_wconf 89' lang='lat' dir='ltr'><strong>adorandum,</strong></span> <span class='ocrx_word' id='word_1_195' title='bbox 2227 2209 2275 2249; x_wconf 92' lang='lat' dir='ltr'><strong>et</strong></span> <span class='ocrx_word' id='word_1_196' title='bbox 2298 2202 2459 2249; x_wconf 87' lang='lat' dir='ltr'><strong>scisma</strong></span> 
     </span>
     <span class='ocr_line' id='line_1_23' title="bbox 530 2278 1793 2343; baseline -0.002 -14"><span class='ocrx_word' id='word_1_197' title='bbox 530 2281 711 2329; x_wconf 63' lang='lat' dir='ltr'><strong>factum</strong></span> <span class='ocrx_word' id='word_1_198' title='bbox 736 2280 802 2328; x_wconf 92' lang='lat' dir='ltr'><strong>est</strong></span> <span class='ocrx_word' id='word_1_199' title='bbox 825 2280 872 2327; x_wconf 93' lang='lat' dir='ltr'><strong>in</strong></span> <span class='ocrx_word' id='word_1_200' title='bbox 897 2279 1090 2328; x_wconf 87' lang='lat' dir='ltr'><strong>ecclefia</strong></span> <span class='ocrx_word' id='word_1_201' title='bbox 1113 2279 1261 2327; x_wconf 90' lang='lat' dir='ltr'><strong>multo</strong></span> <span class='ocrx_word' id='word_1_202' title='bbox 1285 2286 1497 2343; x_wconf 87' lang='lat' dir='ltr'><strong>tempore</strong></span> <span class='ocrx_word' id='word_1_203' title='bbox 1521 2278 1793 2343; x_wconf 86' lang='lat' dir='ltr'><strong>perdurans.</strong></span> 
     </span>
    </p>

    <p class='ocr_par' dir='ltr' id='par_1_10' title="bbox 532 2358 2462 2724">
     <span class='ocr_line' id='line_1_24' title="bbox 598 2358 2459 2424; baseline 0.001 -17"><span class='ocrx_word' id='word_1_204' title='bbox 598 2359 701 2408; x_wconf 87' lang='lat' dir='ltr'><strong>Rex</strong></span> <span class='ocrx_word' id='word_1_205' title='bbox 727 2358 961 2407; x_wconf 88' lang='lat' dir='ltr'><strong>Henricus</strong></span> <span class='ocrx_word' id='word_1_206' title='bbox 988 2358 1163 2424; x_wconf 89' lang='lat' dir='ltr'><strong>Anglie</strong></span> <span class='ocrx_word' id='word_1_207' title='bbox 1191 2358 1414 2406; x_wconf 88' lang='lat' dir='ltr'><strong>Tolosam</strong></span> <span class='ocrx_word' id='word_1_208' title='bbox 1451 2374 1557 2406; x_wconf 88' lang='lat' dir='ltr'><strong>cum</strong></span> <span class='ocrx_word' id='word_1_209' title='bbox 1582 2359 1790 2406; x_wconf 85' lang='lat' dir='ltr'><strong>exercitu</strong></span> <span class='ocrx_word' id='word_1_210' title='bbox 1815 2358 1945 2413; x_wconf 89' lang='lat' dir='ltr'><strong>adiit,</strong></span> <span class='ocrx_word' id='word_1_211' title='bbox 1982 2367 2029 2406; x_wconf 92' lang='lat' dir='ltr'><strong>et</strong></span> <span class='ocrx_word' id='word_1_212' title='bbox 2053 2360 2100 2406; x_wconf 93' lang='lat' dir='ltr'><strong>in</strong></span> <span class='ocrx_word' id='word_1_213' title='bbox 2136 2359 2305 2408; x_wconf 91' lang='lat' dir='ltr'><strong>eodem</strong></span> <span class='ocrx_word' id='word_1_214' title='bbox 2331 2377 2459 2408; x_wconf 90' lang='lat' dir='ltr'><strong>exer—</strong></span> 
     </span>
     <span class='ocr_line' id='line_1_25' title="bbox 532 2437 2460 2504; baseline 0.001 -18"><span class='ocrx_word' id='word_1_215' title='bbox 532 2440 627 2486; x_wconf 89' lang='lat' dir='ltr'><strong>citu</strong></span> <span class='ocrx_word' id='word_1_216' title='bbox 657 2439 827 2486; x_wconf 91' lang='lat' dir='ltr'><strong>mortui</strong></span> <span class='ocrx_word' id='word_1_217' title='bbox 864 2439 967 2486; x_wconf 90' lang='lat' dir='ltr'><strong>sunt</strong></span> <span class='ocrx_word' id='word_1_218' title='bbox 1002 2438 1201 2503; x_wconf 90' lang='lat' dir='ltr'><strong>plurimi,</strong></span> <span class='ocrx_word' id='word_1_219' title='bbox 1239 2445 1286 2485; x_wconf 92' lang='lat' dir='ltr'><strong>et</strong></span> <span class='ocrx_word' id='word_1_220' title='bbox 1314 2437 1580 2486; x_wconf 91' lang='lat' dir='ltr'><strong>Willelmus</strong></span> <span class='ocrx_word' id='word_1_221' title='bbox 1616 2454 1775 2486; x_wconf 87' lang='lat' dir='ltr'><strong>comes</strong></span> <span class='ocrx_word' id='word_1_222' title='bbox 1801 2437 2016 2493; x_wconf 87' lang='lat' dir='ltr'><strong>Bolonie,</strong></span> <span class='ocrx_word' id='word_1_223' title='bbox 2041 2438 2161 2486; x_wconf 88' lang='lat' dir='ltr'><strong>filius</strong></span> <span class='ocrx_word' id='word_1_224' title='bbox 2196 2439 2321 2504; x_wconf 85' lang='lat' dir='ltr'><strong>regis</strong></span> <span class='ocrx_word' id='word_1_225' title='bbox 2358 2439 2460 2488; x_wconf 87' lang='lat' dir='ltr'><strong>Ste—</strong></span> 
     </span>
     <span class='ocr_line' id='line_1_26' title="bbox 534 2516 2462 2582; baseline 0.001 -17"><span class='ocrx_word' id='word_1_226' title='bbox 534 2517 691 2582; x_wconf 91' lang='lat' dir='ltr'><strong>phani,</strong></span> <span class='ocrx_word' id='word_1_227' title='bbox 717 2525 764 2565; x_wconf 90' lang='lat' dir='ltr'><strong>et</strong></span> <span class='ocrx_word' id='word_1_228' title='bbox 791 2517 950 2565; x_wconf 91' lang='lat' dir='ltr'><strong>Hamo</strong></span> <span class='ocrx_word' id='word_1_229' title='bbox 974 2517 1094 2565; x_wconf 87' lang='lat' dir='ltr'><strong>filius</strong></span> <span class='ocrx_word' id='word_1_230' title='bbox 1120 2517 1302 2565; x_wconf 86' lang='lat' dir='ltr'><strong>comitis</strong></span> <span class='ocrx_word' id='word_1_231' title='bbox 1330 2516 1622 2565; x_wconf 89' lang='lat' dir='ltr'><strong>Gloucestrie</strong></span> <span class='ocrx_word' id='word_1_232' title='bbox 1647 2516 1886 2573; x_wconf 80' lang='lat' dir='ltr'><strong>obierunt3</strong></span> <span class='ocrx_word' id='word_1_233' title='bbox 1923 2517 2107 2566; x_wconf 89' lang='lat' dir='ltr'><strong>rediens</strong></span> <span class='ocrx_word' id='word_1_234' title='bbox 2134 2517 2194 2565; x_wconf 87' lang='lat' dir='ltr'><strong>ab</strong></span> <span class='ocrx_word' id='word_1_235' title='bbox 2218 2518 2310 2566; x_wconf 92' lang='lat' dir='ltr'><strong>hoc</strong></span> <span class='ocrx_word' id='word_1_236' title='bbox 2334 2535 2462 2567; x_wconf 90' lang='lat' dir='ltr'><strong>exer-</strong></span> 
     </span>
     <span class='ocr_line' id='line_1_27' title="bbox 534 2596 2461 2664; baseline 0.001 -20"><span class='ocrx_word' id='word_1_237' title='bbox 534 2598 627 2644; x_wconf 87' lang='lat' dir='ltr'><strong>citu</strong></span> <span class='ocrx_word' id='word_1_238' title='bbox 654 2597 937 2645; x_wconf 86' lang='lat' dir='ltr'><strong>Malcolmus</strong></span> <span class='ocrx_word' id='word_1_239' title='bbox 972 2614 1052 2645; x_wconf 88' lang='lat' dir='ltr'><strong>rex</strong></span> <span class='ocrx_word' id='word_1_240' title='bbox 1082 2597 1365 2652; x_wconf 86' lang='lat' dir='ltr'><strong>Scottorum,</strong></span> <span class='ocrx_word' id='word_1_241' title='bbox 1389 2597 1547 2645; x_wconf 68' lang='lat' dir='ltr'><strong>factus</strong></span> <span class='ocrx_word' id='word_1_242' title='bbox 1572 2596 1638 2644; x_wconf 89' lang='lat' dir='ltr'><strong>est</strong></span> <span class='ocrx_word' id='word_1_243' title='bbox 1671 2596 1806 2644; x_wconf 87' lang='lat' dir='ltr'><strong>miles</strong></span> <span class='ocrx_word' id='word_1_244' title='bbox 1832 2596 2037 2645; x_wconf 87' lang='lat' dir='ltr'><strong>Turonis</strong></span> <span class='ocrx_word' id='word_1_245' title='bbox 2072 2614 2101 2645; x_wconf 90' lang='lat' dir='ltr'><strong>a</strong></span> <span class='ocrx_word' id='word_1_246' title='bbox 2138 2614 2253 2663; x_wconf 91' lang='lat' dir='ltr'><strong>rege</strong></span> <span class='ocrx_word' id='word_1_247' title='bbox 2280 2597 2461 2664; x_wconf 90' lang='lat' dir='ltr'><strong>Anglo-</strong></span> 
     </span>
     <span class='ocr_line' id='line_1_28' title="bbox 533 2675 918 2724; baseline 0 0"><span class='ocrx_word' id='word_1_248' title='bbox 533 2693 633 2724; x_wconf 89' lang='lat' dir='ltr'><strong>rum</strong></span> <span class='ocrx_word' id='word_1_249' title='bbox 671 2675 918 2724; x_wconf 70' lang='lat' dir='ltr'><strong>Henrico.¹¹</strong></span> 
     </span>
    </p>
   </div>
   <div class='ocr_carea' id='block_1_3' title="bbox 601 2743 2462 2822">
    <p class='ocr_par' dir='ltr' id='par_1_11' title="bbox 601 2743 2462 2822">
     <span class='ocr_line' id='line_1_29' title="bbox 601 2743 2462 2822; baseline 0.001 -19"><span class='ocrx_word' id='word_1_250' title='bbox 601 2755 865 2804; x_wconf 84' lang='lat' dir='ltr'><strong>Willelmus</strong></span> <span class='ocrx_word' id='word_1_251' title='bbox 890 2756 1133 2821; x_wconf 88' lang='lat' dir='ltr'><strong>episcopus</strong></span> <span class='ocrx_word' id='word_1_252' title='bbox 1154 2756 1391 2812; x_wconf 91' lang='lat' dir='ltr'><strong>Murauie,</strong></span> <span class='ocrx_word' id='word_1_253' title='bbox 1417 2764 1463 2804; x_wconf 92' lang='lat' dir='ltr'><strong>et</strong></span> <span class='ocrx_word' id='word_1_254' title='bbox 1484 2743 1746 2804; x_wconf 87' lang='lat' dir='ltr'><strong>Nicholaus</strong></span> <span class='ocrx_word' id='word_1_255' title='bbox 1770 2756 1894 2822; x_wconf 89' lang='lat' dir='ltr'><strong>regis</strong></span> <span class='ocrx_word' id='word_1_256' title='bbox 1919 2757 2187 2804; x_wconf 89' lang='lat' dir='ltr'><strong>Scottorum</strong></span> <span class='ocrx_word' id='word_1_257' title='bbox 2210 2764 2323 2805; x_wconf 92' lang='lat' dir='ltr'><strong>tunc</strong></span> <span class='ocrx_word' id='word_1_258' title='bbox 2346 2764 2462 2805; x_wconf 90' lang='lat' dir='ltr'><strong>tem-</strong></span> 
     </span>
    </p>
   </div>
   <div class='ocr_carea' id='block_1_4' title="bbox 533 2875 2470 3257">
    <p class='ocr_par' dir='ltr' id='par_1_12' title="bbox 533 2875 2470 3257">
     <span class='ocr_line' id='line_1_30' title="bbox 579 2875 2461 2924; baseline 0.001 -13"><span class='ocrx_word' id='word_1_259' title='bbox 579 2875 592 2889; x_wconf 84' lang='lat'>²</span> <span class='ocrx_word' id='word_1_260' title='bbox 609 2877 675 2911; x_wconf 90' lang='lat' dir='ltr'><strong>See</strong></span> <span class='ocrx_word' id='word_1_261' title='bbox 690 2877 827 2912; x_wconf 83' lang='lat' dir='ltr'><strong>Fordun</strong></span> <span class='ocrx_word' id='word_1_262' title='bbox 843 2877 866 2911; x_wconf 91' lang='lat' dir='ltr'><strong>i.</strong></span> <span class='ocrx_word' id='word_1_263' title='bbox 886 2879 976 2917; x_wconf 73' lang='lat'>4483</span> <span class='ocrx_word' id='word_1_264' title='bbox 997 2878 1114 2912; x_wconf 78' lang='lat' dir='ltr'><strong>Chron.</strong></span> <span class='ocrx_word' id='word_1_265' title='bbox 1135 2879 1170 2912; x_wconf 90' lang='lat' dir='ltr'><strong>S.</strong></span> <span class='ocrx_word' id='word_1_266' title='bbox 1199 2878 1320 2919; x_wconf 72' lang='lat' dir='ltr'><strong>Crucis,</strong></span> <span class='ocrx_word' id='word_1_267' title='bbox 1336 2890 1371 2924; x_wconf 88' lang='lat' dir='ltr'><strong>p.</strong></span> <span class='ocrx_word' id='word_1_268' title='bbox 1391 2880 1448 2913; x_wconf 88' lang='lat'><strong>32.</strong></span> <span class='ocrx_word' id='word_1_269' title='bbox 1595 2879 1675 2923; x_wconf 83' lang='lat'>(24)</span> <span class='ocrx_word' id='word_1_270' title='bbox 1693 2877 1708 2892; x_wconf 85' lang='lat'>⁸</span> <span class='ocrx_word' id='word_1_271' title='bbox 1726 2879 1897 2918; x_wconf 81' lang='lat' dir='ltr'><strong>Hoveden,</strong></span> <span class='ocrx_word' id='word_1_272' title='bbox 1915 2877 1975 2913; x_wconf 81' lang='lat' dir='ltr'><strong>fol.</strong></span> <span class='ocrx_word' id='word_1_273' title='bbox 1995 2880 2077 2918; x_wconf 81' lang='lat'><strong>281;</strong></span> <span class='ocrx_word' id='word_1_274' title='bbox 2093 2879 2243 2919; x_wconf 81' lang='lat' dir='ltr'><strong>Fordun,</strong></span> <span class='ocrx_word' id='word_1_275' title='bbox 2258 2878 2281 2913; x_wconf 90' lang='lat' dir='ltr'><strong>i.</strong></span> <span class='ocrx_word' id='word_1_276' title='bbox 2296 2881 2365 2913; x_wconf 84' lang='lat'><strong>449</strong></span> <span class='ocrx_word' id='word_1_277' title='bbox 2378 2892 2388 2919; x_wconf 92' lang='lat'>;</span> <span class='ocrx_word' id='word_1_278' title='bbox 2402 2878 2461 2913; x_wconf 81' lang='grc' dir='ltr'><strong>Μ</strong></span> 
     </span>
     <span class='ocr_line' id='line_1_31' title="bbox 536 2931 2462 2980; baseline 0.002 -15"><span class='ocrx_word' id='word_1_279' title='bbox 536 2932 643 2972; x_wconf 75' lang='lat' dir='ltr'><strong>Paris,</strong></span> <span class='ocrx_word' id='word_1_280' title='bbox 663 2944 698 2977; x_wconf 89' lang='lat' dir='ltr'><strong>p.</strong></span> <span class='ocrx_word' id='word_1_281' title='bbox 714 2935 770 2967; x_wconf 85' lang='grc'><strong>68.</strong></span> <span class='ocrx_word' id='word_1_282' title='bbox 883 2931 915 2947; x_wconf 82' lang='lat'><strong>⁸⁸</strong></span> <span class='ocrx_word' id='word_1_283' title='bbox 934 2933 1000 2967; x_wconf 92' lang='lat' dir='ltr'><strong>See</strong></span> <span class='ocrx_word' id='word_1_284' title='bbox 1014 2935 1067 2968; x_wconf 92' lang='lat' dir='ltr'><strong>M.</strong></span> <span class='ocrx_word' id='word_1_285' title='bbox 1085 2934 1195 2974; x_wconf 75' lang='lat' dir='ltr'><strong>Paris,</strong></span> <span class='ocrx_word' id='word_1_286' title='bbox 1215 2946 1250 2980; x_wconf 89' lang='lat' dir='ltr'><strong>p.</strong></span> <span class='ocrx_word' id='word_1_287' title='bbox 1265 2937 1322 2968; x_wconf 83' lang='lat'><strong>68.</strong></span> <span class='ocrx_word' id='word_1_288' title='bbox 1436 2933 1452 2953; x_wconf 78' lang='lat'><strong>¹³</strong></span> <span class='ocrx_word' id='word_1_289' title='bbox 1469 2934 1639 2975; x_wconf 80' lang='lat' dir='ltr'><strong>Hoveden,</strong></span> <span class='ocrx_word' id='word_1_290' title='bbox 1658 2934 1718 2969; x_wconf 87' lang='lat' dir='ltr'><strong>fol.</strong></span> <span class='ocrx_word' id='word_1_291' title='bbox 1738 2936 1804 2969; x_wconf 86' lang='grc'><strong>281</strong></span> <span class='ocrx_word' id='word_1_292' title='bbox 1820 2949 1829 2975; x_wconf 76' lang='lat'><em>3</em></span> <span class='ocrx_word' id='word_1_293' title='bbox 1850 2935 2000 2975; x_wconf 82' lang='lat' dir='ltr'><strong>Fordun,</strong></span> <span class='ocrx_word' id='word_1_294' title='bbox 2015 2934 2039 2969; x_wconf 90' lang='lat' dir='ltr'><strong>i.</strong></span> <span class='ocrx_word' id='word_1_295' title='bbox 2052 2936 2135 2969; x_wconf 83' lang='lat'><strong>449.</strong></span> <span class='ocrx_word' id='word_1_296' title='bbox 2256 2933 2271 2949; x_wconf 79' lang='lat'><strong>‘³</strong></span> <span class='ocrx_word' id='word_1_297' title='bbox 2291 2934 2462 2975; x_wconf 72' lang='lat' dir='ltr'><strong>Hmden,</strong></span> 
     </span>
     <span class='ocr_line' id='line_1_32' title="bbox 533 2986 2463 3036; baseline 0.002 -17"><span class='ocrx_word' id='word_1_298' title='bbox 533 2986 593 3020; x_wconf 86' lang='lat' dir='ltr'><strong>fol.</strong></span> <span class='ocrx_word' id='word_1_299' title='bbox 612 2988 692 3021; x_wconf 84' lang='lat'><strong>281.</strong></span> <span class='ocrx_word' id='word_1_300' title='bbox 801 2988 817 3007; x_wconf 84' lang='lat'><strong>‘¹</strong></span> <span class='ocrx_word' id='word_1_301' title='bbox 839 2988 905 3023; x_wconf 88' lang='lat' dir='ltr'><strong>See</strong></span> <span class='ocrx_word' id='word_1_302' title='bbox 923 2988 1075 3023; x_wconf 68' lang='lat' dir='ltr'><strong>Mona-st.</strong></span> <span class='ocrx_word' id='word_1_303' title='bbox 1093 2989 1181 3023; x_wconf 84' lang='lat' dir='ltr'><strong>Ann.</strong></span> <span class='ocrx_word' id='word_1_304' title='bbox 1196 3001 1231 3035; x_wconf 91' lang='lat' dir='ltr'><strong>p.</strong></span> <span class='ocrx_word' id='word_1_305' title='bbox 1251 2991 1333 3024; x_wconf 89' lang='lat'><strong>211.</strong></span> <span class='ocrx_word' id='word_1_306' title='bbox 1478 2989 1492 3004; x_wconf 79' lang='lat'>⁸</span> <span class='ocrx_word' id='word_1_307' title='bbox 1516 2989 1704 3024; x_wconf 83' lang='lat' dir='ltr'><strong>Waltheof</strong></span> <span class='ocrx_word' id='word_1_308' title='bbox 1714 3001 1786 3024; x_wconf 83' lang='lat' dir='ltr'><strong>was</strong></span> <span class='ocrx_word' id='word_1_309' title='bbox 1798 2989 1861 3024; x_wconf 87' lang='lat' dir='ltr'><strong>the</strong></span> <span class='ocrx_word' id='word_1_310' title='bbox 1877 2995 2050 3036; x_wconf 84' lang='lat' dir='ltr'><strong>youngest</strong></span> <span class='ocrx_word' id='word_1_311' title='bbox 2065 3000 2131 3025; x_wconf 86' lang='lat' dir='ltr'><strong>son</strong></span> <span class='ocrx_word' id='word_1_312' title='bbox 2148 2987 2191 3024; x_wconf 88' lang='lat' dir='ltr'><strong>of</strong></span> <span class='ocrx_word' id='word_1_313' title='bbox 2204 2987 2361 3029; x_wconf 80' lang='lat' dir='ltr'><strong>Matilda,</strong></span> <span class='ocrx_word' id='word_1_314' title='bbox 2380 2987 2463 3023; x_wconf 76' lang='lat' dir='ltr'><strong>who</strong></span> 
     </span>
     <span class='ocr_line' id='line_1_33' title="bbox 533 3040 2470 3090; baseline 0.002 -16"><span class='ocrx_word' id='word_1_315' title='bbox 533 3040 619 3075; x_wconf 88' lang='lat' dir='ltr'><strong>took</strong></span> <span class='ocrx_word' id='word_1_316' title='bbox 634 3040 686 3075; x_wconf 90' lang='lat' dir='ltr'><strong>for</strong></span> <span class='ocrx_word' id='word_1_317' title='bbox 702 3041 764 3076; x_wconf 88' lang='lat' dir='ltr'><strong>her</strong></span> <span class='ocrx_word' id='word_1_318' title='bbox 781 3043 911 3078; x_wconf 90' lang='lat' dir='ltr'><strong>second</strong></span> <span class='ocrx_word' id='word_1_319' title='bbox 927 3043 1088 3079; x_wconf 87' lang='lat' dir='ltr'><strong>husband</strong></span> <span class='ocrx_word' id='word_1_320' title='bbox 1106 3044 1221 3079; x_wconf 89' lang='lat' dir='ltr'><strong>David</strong></span> <span class='ocrx_word' id='word_1_321' title='bbox 1244 3044 1368 3079; x_wconf 88' lang='lat' dir='ltr'><strong>Prince</strong></span> <span class='ocrx_word' id='word_1_322' title='bbox 1386 3044 1428 3079; x_wconf 86' lang='lat' dir='ltr'><strong>of</strong></span> <span class='ocrx_word' id='word_1_323' title='bbox 1441 3044 1686 3086; x_wconf 86' lang='lat' dir='ltr'><strong>Cumberland,</strong></span> <span class='ocrx_word' id='word_1_324' title='bbox 1711 3044 1912 3080; x_wconf 80' lang='lat' dir='ltr'><strong>asterwards</strong></span> <span class='ocrx_word' id='word_1_325' title='bbox 1935 3044 2018 3090; x_wconf 86' lang='lat' dir='ltr'><strong>king</strong></span> <span class='ocrx_word' id='word_1_326' title='bbox 2033 3043 2076 3079; x_wconf 80' lang='lat' dir='ltr'><strong>of</strong></span> <span class='ocrx_word' id='word_1_327' title='bbox 2091 3042 2268 3084; x_wconf 74' lang='lat' dir='ltr'><strong>Scodmd,</strong></span> <span class='ocrx_word' id='word_1_328' title='bbox 2291 3041 2406 3077; x_wconf 71' lang='lat' dir='ltr'><strong>father</strong></span> <span class='ocrx_word' id='word_1_329' title='bbox 2428 3043 2470 3078; x_wconf 87' lang='lat' dir='ltr'><strong>of</strong></span> 
     </span>
     <span class='ocr_line' id='line_1_34' title="bbox 539 3095 2464 3146; baseline 0.002 -17"><span class='ocrx_word' id='word_1_330' title='bbox 539 3095 702 3130; x_wconf 79' lang='lat' dir='ltr'><strong>Malcolm</strong></span> <span class='ocrx_word' id='word_1_331' title='bbox 721 3097 782 3131; x_wconf 90' lang='lat' dir='ltr'><strong>IV.</strong></span> <span class='ocrx_word' id='word_1_332' title='bbox 834 3099 982 3138; x_wconf 82' lang='lat' dir='ltr'><strong>Fordun,</strong></span> <span class='ocrx_word' id='word_1_333' title='bbox 999 3099 1022 3133; x_wconf 87' lang='lat' dir='ltr'><strong>i.</strong></span> <span class='ocrx_word' id='word_1_334' title='bbox 1039 3102 1119 3140; x_wconf 90' lang='lat'><strong>321,</strong></span> <span class='ocrx_word' id='word_1_335' title='bbox 1135 3101 1215 3134; x_wconf 86' lang='lat'><strong>322.</strong></span> <span class='ocrx_word' id='word_1_336' title='bbox 1360 3099 1391 3115; x_wconf 50' lang='grc' dir='ltr'><strong>θ’</strong></span> <span class='ocrx_word' id='word_1_337' title='bbox 1414 3100 1455 3134; x_wconf 92' lang='lat' dir='ltr'><strong>In</strong></span> <span class='ocrx_word' id='word_1_338' title='bbox 1471 3100 1533 3134; x_wconf 90' lang='lat' dir='ltr'><strong>the</strong></span> <span class='ocrx_word' id='word_1_339' title='bbox 1550 3101 1691 3146; x_wconf 84' lang='lat' dir='ltr'><strong>margin,</strong></span> <span class='ocrx_word' id='word_1_340' title='bbox 1712 3100 1873 3146; x_wconf 84' lang='lat' dir='ltr'><strong>opposite</strong></span> <span class='ocrx_word' id='word_1_341' title='bbox 1890 3100 1985 3141; x_wconf 87' lang='lat' dir='ltr'><strong>here,</strong></span> <span class='ocrx_word' id='word_1_342' title='bbox 2000 3110 2059 3134; x_wconf 83' lang='lat' dir='ltr'><strong>are</strong></span> <span class='ocrx_word' id='word_1_343' title='bbox 2075 3098 2189 3134; x_wconf 78' lang='lat' dir='ltr'><strong>added</strong></span> <span class='ocrx_word' id='word_1_344' title='bbox 2200 3098 2237 3133; x_wconf 86' lang='lat' dir='ltr'><strong>in</strong></span> <span class='ocrx_word' id='word_1_345' title='bbox 2252 3097 2315 3133; x_wconf 86' lang='lat' dir='ltr'><strong>red</strong></span> <span class='ocrx_word' id='word_1_346' title='bbox 2329 3097 2390 3132; x_wconf 85' lang='lat' dir='ltr'><strong>ink</strong></span> <span class='ocrx_word' id='word_1_347' title='bbox 2401 3097 2464 3133; x_wconf 89' lang='lat' dir='ltr'><strong>the</strong></span> 
     </span>
     <span class='ocr_line' id='line_1_35' title="bbox 535 3150 2466 3199; baseline 0.003 -16"><span class='ocrx_word' id='word_1_348' title='bbox 535 3150 660 3190; x_wconf 86' lang='lat' dir='ltr'><strong>words,</strong></span> <span class='ocrx_word' id='word_1_349' title='bbox 682 3155 705 3170; x_wconf 78' lang='lat'><strong>⁴⁶</strong></span> <span class='ocrx_word' id='word_1_350' title='bbox 723 3153 849 3186; x_wconf 84' lang='lat' dir='ltr'><strong>tercius</strong></span> <span class='ocrx_word' id='word_1_351' title='bbox 866 3154 971 3188; x_wconf 85' lang='lat' dir='ltr'><strong>abbas</strong></span> <span class='ocrx_word' id='word_1_352' title='bbox 989 3154 1032 3189; x_wconf 91' lang='lat' dir='ltr'><strong>de</strong></span> <span class='ocrx_word' id='word_1_353' title='bbox 1053 3154 1240 3190; x_wconf 84' lang='lat' dir='ltr'><strong>Melrose.”</strong></span> <span class='ocrx_word' id='word_1_354' title='bbox 1406 3153 1420 3175; x_wconf 70' lang='lat'><strong><em>¹</em></strong></span> <span class='ocrx_word' id='word_1_355' title='bbox 1442 3155 1573 3190; x_wconf 84' lang='lat' dir='ltr'><strong>Adrian</strong></span> <span class='ocrx_word' id='word_1_356' title='bbox 1593 3155 1655 3190; x_wconf 90' lang='lat' dir='ltr'><strong>IV.</strong></span> <span class='ocrx_word' id='word_1_357' title='bbox 1675 3167 1747 3191; x_wconf 82' lang='lat' dir='ltr'><strong>was</strong></span> <span class='ocrx_word' id='word_1_358' title='bbox 1764 3155 1960 3191; x_wconf 88' lang='lat' dir='ltr'><strong>succeeded</strong></span> <span class='ocrx_word' id='word_1_359' title='bbox 1975 3166 2023 3189; x_wconf 88' lang='lat' dir='ltr'><strong>on</strong></span> <span class='ocrx_word' id='word_1_360' title='bbox 2038 3153 2101 3189; x_wconf 85' lang='lat' dir='ltr'><strong>the</strong></span> <span class='ocrx_word' id='word_1_361' title='bbox 2118 3153 2182 3192; x_wconf 85' lang='lat' dir='ltr'><strong>7th</strong></span> <span class='ocrx_word' id='word_1_362' title='bbox 2197 3152 2241 3188; x_wconf 86' lang='lat' dir='ltr'><strong>of</strong></span> <span class='ocrx_word' id='word_1_363' title='bbox 2261 3153 2466 3199; x_wconf 86' lang='lat' dir='ltr'><strong>September</strong></span> 
     </span>
     <span class='ocr_line' id='line_1_36' title="bbox 534 3205 2467 3257; baseline 0.002 -18"><span class='ocrx_word' id='word_1_364' title='bbox 534 3206 581 3251; x_wconf 85' lang='lat' dir='ltr'><strong>by</strong></span> <span class='ocrx_word' id='word_1_365' title='bbox 596 3205 791 3241; x_wconf 84' lang='lat' dir='ltr'><strong>Alexander</strong></span> <span class='ocrx_word' id='word_1_366' title='bbox 804 3208 872 3242; x_wconf 92' lang='lat'><strong>111.</strong></span> <span class='ocrx_word' id='word_1_367' title='bbox 1003 3209 1019 3230; x_wconf 79' lang='lat'><em>⁸</em></span> <span class='ocrx_word' id='word_1_368' title='bbox 1038 3209 1220 3252; x_wconf 82' lang='lat' dir='ltr'><strong>Octavian,</strong></span> <span class='ocrx_word' id='word_1_369' title='bbox 1236 3222 1275 3246; x_wconf 92' lang='lat' dir='ltr'><strong>or</strong></span> <span class='ocrx_word' id='word_1_370' title='bbox 1292 3210 1411 3245; x_wconf 86' lang='lat' dir='ltr'><strong>Victor</strong></span> <span class='ocrx_word' id='word_1_371' title='bbox 1423 3210 1485 3245; x_wconf 92' lang='lat' dir='ltr'><strong>IV.</strong></span> <span class='ocrx_word' id='word_1_372' title='bbox 1500 3222 1538 3246; x_wconf 85' lang='lat' dir='ltr'><strong>as</strong></span> <span class='ocrx_word' id='word_1_373' title='bbox 1551 3211 1597 3245; x_wconf 90' lang='lat' dir='ltr'><strong>he</strong></span> <span class='ocrx_word' id='word_1_374' title='bbox 1614 3211 1727 3257; x_wconf 80' lang='lat' dir='ltr'><strong>styled</strong></span> <span class='ocrx_word' id='word_1_375' title='bbox 1742 3210 1891 3252; x_wconf 83' lang='lat' dir='ltr'><strong>himself,</strong></span> <span class='ocrx_word' id='word_1_376' title='bbox 1905 3221 1979 3245; x_wconf 74' lang='lat' dir='ltr'><strong>was</strong></span> <span class='ocrx_word' id='word_1_377' title='bbox 1990 3207 2173 3256; x_wconf 75' lang='lat' dir='ltr'><strong>protected</strong></span> <span class='ocrx_word' id='word_1_378' title='bbox 2186 3209 2235 3255; x_wconf 85' lang='lat' dir='ltr'><strong>by</strong></span> <span class='ocrx_word' id='word_1_379' title='bbox 2243 3207 2306 3244; x_wconf 84' lang='lat' dir='ltr'><strong>the</strong></span> <span class='ocrx_word' id='word_1_380' title='bbox 2319 3208 2467 3244; x_wconf 81' lang='lat' dir='ltr'><strong>Council</strong></span> 
     </span>
    </p>
   </div>
   <div class='ocr_carea' id='block_1_5' title="bbox 537 3259 2463 3361">
    <p class='ocr_par' dir='ltr' id='par_1_13' title="bbox 537 3259 2463 3361">
     <span class='ocr_line' id='line_1_37' title="bbox 537 3259 2463 3351; baseline 0.003 -57"><span class='ocrx_word' id='word_1_381' title='bbox 537 3259 579 3294; x_wconf 88' lang='lat' dir='ltr'><strong>of</strong></span> <span class='ocrx_word' id='word_1_382' title='bbox 588 3260 708 3351; x_wconf 56' lang='lat' dir='ltr'><strong>gavia,</strong></span> <span class='ocrx_word' id='word_1_383' title='bbox 728 3260 810 3297; x_wconf 90' lang='lat' dir='ltr'><strong>held</strong></span> <span class='ocrx_word' id='word_1_384' title='bbox 826 3274 921 3309; x_wconf 89' lang='lat' dir='ltr'><strong>upon</strong></span> <span class='ocrx_word' id='word_1_385' title='bbox 939 3263 1113 3310; x_wconf 81' lang='lat' dir='ltr'><strong>February</strong></span> <span class='ocrx_word' id='word_1_386' title='bbox 1127 3267 1163 3300; x_wconf 84' lang='lat'><strong>5.</strong></span> <span class='ocrx_word' id='word_1_387' title='bbox 1306 3265 1325 3285; x_wconf 79' lang='lat'><strong>¹¹</strong></span> <span class='ocrx_word' id='word_1_388' title='bbox 1346 3265 1412 3300; x_wconf 88' lang='lat' dir='ltr'><strong>See</strong></span> <span class='ocrx_word' id='word_1_389' title='bbox 1424 3266 1574 3307; x_wconf 72' lang='lat' dir='ltr'><strong>For-dun,</strong></span> <span class='ocrx_word' id='word_1_390' title='bbox 1592 3266 1616 3301; x_wconf 89' lang='lat' dir='ltr'><strong>i.</strong></span> <span class='ocrx_word' id='word_1_391' title='bbox 1634 3268 1703 3301; x_wconf 79' lang='lat'><strong>449</strong></span> <span class='ocrx_word' id='word_1_392' title='bbox 1718 3280 1728 3306; x_wconf 87' lang='lat'><strong>;</strong></span> <span class='ocrx_word' id='word_1_393' title='bbox 1762 3267 1920 3307; x_wconf 66' lang='lat' dir='ltr'><strong>Ger-nane,</strong></span> <span class='ocrx_word' id='word_1_394' title='bbox 1935 3264 2003 3301; x_wconf 85' lang='lat' dir='ltr'><strong>col.</strong></span> <span class='ocrx_word' id='word_1_395' title='bbox 2019 3266 2122 3306; x_wconf 77' lang='lat'><strong>1381,</strong></span> <span class='ocrx_word' id='word_1_396' title='bbox 2146 3264 2265 3300; x_wconf 64' lang='lat' dir='ltr'><strong>aron.</strong></span> <span class='ocrx_word' id='word_1_397' title='bbox 2281 3265 2317 3299; x_wconf 81' lang='lat' dir='ltr'><strong>S.</strong></span> <span class='ocrx_word' id='word_1_398' title='bbox 2339 3264 2463 3306; x_wconf 69' lang='lat' dir='ltr'><strong>Crucis,</strong></span> 
     </span>
     <span class='ocr_line' id='line_1_38' title="bbox 538 3319 644 3361; baseline 0 -11"><span class='ocrx_word' id='word_1_399' title='bbox 538 3327 572 3361; x_wconf 90' lang='lat' dir='ltr'><strong>p.</strong></span> <span class='ocrx_word' id='word_1_400' title='bbox 611 3319 644 3351; x_wconf 84' lang='lat'><strong>3.</strong></span> 
     </span>
    </p>
   </div>
   <div class='ocr_carea' id='block_1_6' title="bbox 2834 2027 2852 2484">
    <p class='ocr_par' dir='ltr' id='par_1_14' title="bbox 2834 2027 2852 2484">
     <span class='ocr_line' id='line_1_39' title="bbox 2834 2027 2852 2484; textangle 90"><span class='ocrx_word' id='word_1_401' title='bbox 2834 2166 2852 2484; x_wconf 49' lang='lat' dir='ltr'><strong>·*·—·-&gt;*.»;2nnu·.·»-w.</strong></span> <span class='ocrx_word' id='word_1_402' title='bbox 2843 2106 2850 2146; x_wconf 85' lang='lat'><strong>-—-</strong></span> <span class='ocrx_word' id='word_1_403' title='bbox 2843 2027 2846 2056; x_wconf 38' lang='grc' dir='ltr'>η</span> 
     </span>
    </p>
   </div>
   <div class='ocr_carea' id='block_1_7' title="bbox 2775 2662 2852 3874">
    <p class='ocr_par' dir='ltr' id='par_1_15' title="bbox 2775 2662 2852 3874">
     <span class='ocr_line' id='line_1_40' title="bbox 2775 2662 2852 3874; baseline 0 0"><span class='ocrx_word' id='word_1_404' title='bbox 2775 2662 2852 3874; x_wconf 95' lang='lat' dir='ltr'><strong> </strong></span> 
     </span>
    </p>
   </div>
  </div>
 </body>
</html>
