2846 3874
558 457 648 501 118
988 449 1411 500 CHRONICA
1454 448 1556 498 DE
1601 447 1986 500 MAILROS.
2189 452 2321 502 A.D.
2351 457 2490 502 1215.

921 591 1079 640 Causa
1101 598 1263 638 tamen
1286 589 1532 654 multiplex
1555 589 1672 637 illud
1696 590 1937 656 exigebat,

917 669 1049 719 Nam
1072 685 1154 718 rex
1177 685 1332 717 mores
1355 668 1560 733 optimos
1583 669 1719 734 regni
1741 669 2057 735 pervertebat,

917 748 947 797 J
950 765 1050 804 ura,
1073 748 1236 813 leges;
1270 747 1480 797 subditos
1503 748 1635 796 recte
1658 764 1755 796 non
1778 749 1994 815 regebat,

920 827 1162 892 Quicquid
1186 835 1287 875 erat
1310 827 1538 892 placitum
1561 828 1793 876 summum
1811 828 1890 894 jus
1915 829 2168 885 credebat;

920 907 1140 972 Proprios
1163 907 1413 972 indigenas
1435 907 1573 956 nimis
1597 907 1909 972 deprimebat,

921 986 1158 1035 Barbaros
1181 987 1381 1035 rutarios
1404 987 1493 1035 illis
1516 987 1854 1052 praeponebat3

920 1066 1137 1136 Heredes
1160 1066 1398 1131 legitimos
1421 1066 1604 1114 obfides
1626 1067 1873 1132 perdebat,

921 1146 1136 1203 Quorum
1161 1146 1452 1194 adventicius
1475 1153 1623 1195 terras
1647 1146 1925 1211 poffidebat.

920 1225 1068 1291 Regis
1093 1225 1154 1273 ad
1179 1225 1466 1290 colloquium
1489 1226 1661 1274 milites
1685 1226 1833 1282 citati,

921 1305 1077 1353 Caute
1100 1305 1183 1353 fibi
1206 1312 1489 1369 praecavent,
1513 1306 1707 1353 veniunt
1731 1307 1927 1362 armati;

917 1384 946 1433 J
949 1392 1086 1432 urant
1110 1384 1392 1432 unanimiter
1410 1384 1513 1448 jam
1536 1386 1583 1432 se
1607 1385 1733 1433 nolle
1757 1386 1855 1450 pati

919 1463 1137 1528 Amplius
1161 1463 1457 1528 tyrannidem
1481 1464 1606 1528 regis
1630 1471 1729 1511 tam
1753 1464 1941 1529 ingrati.
2002 1527 2014 1532 ς

918 1543 1013 1590 Die
1036 1543 1186 1607 primo
1211 1542 1405 1590 veniunt
1422 1542 1517 1606 juri
1541 1542 1752 1606 parituri,

919 1621 1023 1669 Rex
1047 1622 1205 1669 venire
1231 1621 1420 1676 distulit,
1445 1621 1611 1670 nolens
1634 1621 1755 1670 stare
1773 1622 1885 1687 juri,

921 1701 1065 1749 Diem
1088 1701 1222 1765 ponit
1247 1701 1446 1748 alterum
1470 1702 1695 1765 temporis
1718 1701 1878 1757 futuri,

922 1780 1031 1829 Nec
1055 1780 1197 1835 venit,
1222 1780 1302 1828 sed
1326 1780 1519 1827 veniunt
1543 1780 1693 1845 ipsum
1718 1781 1978 1829 coafiturifi

917 1859 1066 1925 Regis
1090 1876 1205 1924 ergo
1230 1859 1466 1924 postulant
1491 1859 1846 1923 depositionem,

917 1938 1065 2004 Legis
1087 1938 1171 1986 nifi
1194 1939 1340 1986 faciat
1365 1938 1747 1987 emendationem

919 2018 1133 2072 Plenam,
1159 2025 1206 2065 et
1231 2017 1453 2066 exhibeat
1478 2026 1655 2066 certam
1680 2018 1967 2073 cautionem,

918 2097 1057 2144 Pacis
1082 2096 1142 2143 ad
1166 2104 1445 2161 perpetuam
1470 2098 1886 2145 conservationem.

917 2175 1213 2241 Humagium
1237 2175 1365 2241 quod
1389 2177 1601 2224 fecerant
1626 2175 2086 2242 reconfignaverunt,

917 2254 981 2303 Et
1004 2255 1204 2303 barones
1228 2255 1429 2303 militum
1454 2256 1643 2303 causam
1667 2256 1982 2321 susceperunt,

917 2334 1045 2382 Hinc
1068 2335 1115 2382 in
1140 2336 1318 2399 septem
1343 2335 1468 2384 acies
1493 2336 1589 2383 sese
1614 2335 1885 2391 diviserunt,

919 2414 1108 2470 Terras,
1134 2414 1289 2470 urbes,
1313 2415 1506 2479 praedia,
1533 2415 1778 2479 castraque
1803 2424 2044 2480 ceperunt.

919 2493 1104 2542 Horum
1128 2501 1274 2542 terras
1299 2494 1552 2559 complices
1576 2495 1703 2560 regis
1725 2494 2050 2550 vestaverunt3

915 2572 1043 2621 Hinc
1067 2580 1115 2621 et
1138 2573 1247 2621 hinc
1272 2574 1618 2639 quamplurima
1641 2574 1769 2622 mala
1792 2582 2093 2640 peregerunt.

917 2652 982 2700 Et
1006 2652 1118 2700 dum
1141 2652 1203 2701 fic
1227 2653 1410 2701 diucius
1433 2653 1516 2701 fibi
1541 2653 1842 2702 adversantur

917 2731 1058 2780 Fiunt
1082 2731 1334 2788 homicida,
1361 2733 1525 2781 census
1550 2732 1835 2798 diffipantur.

917 2810 1077 2876 Leges
1100 2811 1294 2860 tandem
1317 2811 1531 2876 pristinas
1554 2812 1689 2879 regni
1711 2812 1942 2867 ficientes,

920 2890 1017 2939 Sed
1041 2891 1088 2938 in
1112 2907 1277 2956 regem
1299 2892 1486 2940 mittere
1510 2909 1678 2940 manus
1701 2908 1795 2940 non
1819 2892 2047 2947 volentes,

917 2969 1139 3018 Formam
1162 2971 1293 3035 pacis
1318 2987 1578 3038 congruam
1602 2972 1723 3021 inter
1747 2972 1794 3021 se
1817 2970 2080 3035 feeerimt,†

917 3047 981 3097 Et
1006 3049 1213 3099 districte
1237 3051 1373 3116 super
1396 3051 1487 3100 hac
1510 3068 1674 3117 regem
1699 3058 2032 3101 convenerunt.

622 3215 646 3239 ’ὓ
675 3213 716 3247 ln
733 3212 794 3248 the
810 3215 950 3260 margin,
973 3219 1042 3250 “v.
1060 3215 1139 3251 idus
1159 3216 1242 3263 Maij
1263 3217 1368 3264 [Maij
1389 3219 1450 3263 11]
1468 3217 1515 3254 ad
1533 3217 1791 3254 Norhmunx’
1949 3217 1971 3261 †
1989 3215 2031 3252 In
2046 3214 2108 3252 the
2124 3213 2265 3260 margin,
2288 3218 2312 3234 “
2328 3214 2398 3249 xiv.
2416 3214 2490 3249 kal-

555 3268 661 3303 endas
679 3267 760 3313 Julij
780 3268 879 3312 [Jun.
902 3271 962 3314 18]
980 3270 1016 3305 in
1033 3276 1134 3316 prato
1151 3271 1195 3307 de
1214 3271 1375 3307 Stenes.”
2365 3286 2368 3290 -
