2846 3874
182 2619 243 2655 fol.
264 2622 320 2655 30.
340 2620 375 2655 b.

432 475 566 525 A.D.
609 479 750 523 1214.
914 471 1341 523 CHRONICA
1384 470 1486 520 DE
1536 469 1924 521 MAILROs.
2288 474 2380 524 117
2453 475 2457 479 '

427 614 671 679 protectus
696 621 744 662 et
775 614 946 662 virtute
968 613 1170 662 militum
1194 613 1396 668 suorum,
1432 628 1634 678 quorum
1657 611 1852 677 quidam
1875 611 2011 676 super
2044 626 2213 675 corpus
2236 609 2376 674 ipfius

427 693 625 742 interfici
653 694 700 742 se
728 693 1052 759 permiserunt,
1084 694 1136 741 in
1169 692 1398 758 eq[u]um
1432 693 1572 740 suum
1598 691 1822 757 reje&us‚
1846 691 2003 739 illesus
2039 688 2196 738 evasit.
2267 688 2377 738 Nec

427 773 796 837 pretereundum
831 773 900 822 est
930 773 991 822 de
1027 773 1200 822 comite
1233 772 1293 820 de
1320 771 1553 828 Bolonia,l
1583 771 1718 837 cujus
1753 770 1982 820 seditione
2017 778 2171 818 totum
2199 769 2376 817 bellum

428 854 672 902 iniciatum
703 853 786 909 est,
811 853 942 919 quod
977 870 1085 902 cum
1120 869 1280 901 coram
1314 869 1430 917 rege
1467 852 1668 900 Francie
1702 851 1958 917 prostratus
1993 851 2180 899 veniam
2215 867 2377 915 preca-

428 941 571 990 retur,
597 941 645 982 et
668 933 847 982 diceret
870 934 917 982 se
947 932 1091 980 nichil
1119 933 1167 980 in
1190 947 1355 996 regem
1379 931 1638 996 deliquisse,
1675 930 1736 978 ad
1770 930 1862 979 hoc
1886 930 2082 979 verbum
2113 947 2195 979 rex
2225 927 2380 995 indigss

428 1020 569 1061 natus
594 1012 870 1078 exprobavit
895 1012 939 1060 ei
971 1012 1131 1059 omnia
1154 1010 1387 1060 beneficia
1410 1026 1505 1074 que
1529 1010 1595 1058 illi
1619 1011 1730 1074 sepe
1755 1010 2035 1066 contulerat,
2065 1018 2113 1058 et
2137 1010 2377 1075 quomodo

429 1093 609 1157 semper
643 1091 770 1139 mala
804 1108 889 1156 pro
924 1090 1060 1138 bonis
1087 1091 1185 1155 ipse
1213 1089 1347 1138 reddi
1372 1089 1522 1144 derat,
1548 1097 1596 1137 et
1619 1090 1825 1138 fremens
1849 1090 1896 1137 in
1922 1106 2046 1145 eum,
2084 1099 2114 1119 ‘⁶
2137 1090 2286 1145 Tace,
2312 1090 2379 1138 in-

429 1172 546 1236 quit,
567 1172 681 1236 quia
698 1188 781 1236 per
806 1170 902 1218 offa
926 1170 1076 1218 sancti
1101 1169 1130 1218 J
1134 1169 1271 1218 acobi
1295 1169 1470 1217 faciam
1493 1168 1578 1216 tibi
1603 1169 1766 1217 oculos
1791 1169 1906 1225 erui,
1942 1176 1990 1216 et
2022 1169 2137 1217 scies
2161 1170 2273 1235 quia
2305 1187 2380 1217 me

428 1251 616 1299 vivente
635 1250 695 1298 de
712 1266 901 1299 carcere
918 1267 1015 1298 non
1034 1248 1234 1298 exibis.’'
1273 1248 1302 1298 J
1305 1256 1553 1298 uramento
1569 1249 1713 1297 etiam
1732 1249 1950 1297 custodes
1968 1249 2238 1297 constrinxit
2253 1250 2381 1314 quod

428 1347 518 1379 nec
541 1338 732 1396 propter
756 1330 1033 1379 mandatum
1056 1347 1147 1378 nec
1170 1336 1361 1395 propter
1378 1329 1559 1378 litteras
1577 1328 1830 1377 redderent
1854 1346 1979 1385 eum,
1997 1329 2081 1377 nifi
2099 1330 2146 1377 in
2164 1329 2381 1378 manibus

429 1411 546 1475 ejus.
620 1411 849 1475 Denique
880 1411 928 1458 in
951 1417 1118 1458 trunco
1151 1409 1319 1476 grandi
1342 1409 1457 1458 fecit
1493 1409 1612 1458 duas
1650 1416 1844 1457 catenas
1882 1409 2058 1475 grossas
2095 1417 2142 1457 et
2177 1410 2381 1475 grandes

429 1491 579 1556 infigi,
605 1490 777 1555 quibus
800 1491 977 1556 ligatus
1001 1506 1161 1538 comes
1187 1490 1297 1538 velit
1320 1489 1438 1537 nolit
1461 1489 1620 1537 sactus
1646 1489 1713 1537 est
1739 1489 1946 1538 Perrone
1972 1489 2266 1538 castellanus.

498 1570 640 1618 Anno
665 1587 874 1618 M.cc.xv.
912 1570 1146 1634 dompnus
1175 1569 1442 1624 Conradus,
1479 1568 1628 1617 abbas
1657 1568 1953 1625 Clareuallis,
1990 1569 2263 1618 visitationis
2301 1571 2380 1617 sue

429 1650 583 1715 gratia
607 1650 655 1697 in
678 1649 905 1715 Angliam
930 1649 1136 1704 advenit,
1162 1648 1244 1697 ubi
1269 1649 1378 1697 satis
1401 1647 1553 1714 rigide
1577 1649 1624 1696 se
1650 1649 1896 1705 continuit,
1916 1666 2102 1698 necnon
2127 1658 2175 1698 et
2199 1651 2246 1697 in
2264 1650 2379 1698 filia-

429 1729 517 1778 bus
542 1729 760 1778 domibus
784 1729 875 1778 suis
899 1729 961 1777 ob
997 1728 1172 1777 ordinis
1204 1729 1410 1794 rigorem
1440 1728 1590 1776 multa
1614 1728 1732 1777 dura
1756 1736 1804 1776 et
1837 1729 2001 1794 aspera
2025 1729 2262 1777 constituit
2298 1730 2379 1777 ob-

429 1810 671 1858 servanda.

497 1889 753 1953 Dompnus
775 1887 973 1953 Helyas,
1000 1888 1149 1937 abbas
1171 1888 1415 1945 Rieuallis,
1433 1890 1516 1937 suo
1541 1889 1668 1937 ceflit
1693 1889 1863 1945 officio,
1884 1889 1959 1937 cui
1984 1889 2192 1938 succefiit
2217 1890 2380 1955 domp-

428 1986 516 2017 nus
542 1968 780 2016 Henricus
805 1968 955 2017 abbas
979 1968 1039 2016 de
1062 1968 1326 2024 Wardona,
1344 1968 1406 2033 vj.
1433 1968 1538 2017 idus
1565 1967 1742 2033 Aprilis
1771 1967 1913 2034 [Apr.
1936 1968 2008 2033 8],
2034 1969 2216 2018 electus
2242 1970 2308 2017 est
2333 1971 2379 2017 in

429 2047 653 2096 abbatem
686 2048 746 2097 de
775 2047 1023 2096 Wardona
1048 2047 1282 2113 dompnus
1309 2047 1529 2114 Rogerus
1560 2048 1782 2113 magister
1818 2049 2146 2097 conversorum
2172 2050 2380 2114 ejusdem

429 2128 613 2183 domus,
630 2127 695 2193 iij.
722 2127 953 2176 kalendas
979 2127 1100 2193 Maij
1132 2127 1274 2193 [Apr.
1300 2127 1407 2193 29].

498 2207 797 2256 Intraverunt
832 2208 881 2256 in
918 2207 1190 2257 Moreuiam
1224 2207 1381 2257 hostes
1416 2208 1593 2256 domini
1629 2209 1755 2274 regis
1785 2209 1970 2264 Scocie,
2006 2208 2181 2257 scilicet
2219 2209 2379 2258 Doue-

429 2287 597 2336 naldus
622 2287 775 2343 ΒΑΝ,*
800 2287 922 2336 filius
948 2287 1286 2344 Macwillelmi,
1312 2295 1360 2336 et
1387 2287 1626 2336 Kennauh
1650 2305 1757 2336 mac
1783 2287 1880 2344 aht,
1914 2296 1961 2336 et
1984 2288 2106 2336 filius
2138 2289 2380 2353 cujusdam

430 2368 556 2432 regis
582 2366 844 2432 Hybernie,
877 2384 986 2416 cum
1016 2367 1157 2416 turba
1187 2368 1552 2433 malignantium
1584 2368 1795 2434 copiosa}
1832 2369 1880 2416 in
1912 2385 2032 2433 quos
2062 2369 2240 2417 irruens
2274 2369 2379 2417 Ma-

432 2446 691 2511 chentagar
725 2447 883 2495 hostes
917 2448 1043 2514 regis
1078 2447 1235 2496 valide
1270 2447 1532 2513 prostravit,
1569 2465 1772 2513 quorum
1808 2449 1965 2513 capita
2002 2448 2295 2496 detruncavit
2334 2458 2380 2496 et

432 2543 555 2574 novo
574 2527 676 2592 regi
699 2543 824 2575 nova
846 2543 1043 2575 munera
1060 2527 1373 2592 praesentavit,
1391 2528 1501 2593 xvij.
1521 2527 1751 2576 kalendas
1770 2527 1799 2576 J
1802 2527 1881 2593 ulij
1908 2527 1959 2593 [J
1962 2544 2039 2576 un.
2066 2527 2167 2592 15],
2192 2536 2380 2593 propter

433 2606 562 2671 quod
586 2605 818 2672 dompnus
841 2623 924 2655 rex
946 2623 1122 2655 novum
1144 2607 1343 2656 militem
1366 2608 1517 2672 ipsum
1541 2608 1787 2657 ordinavit.

799 2764 1029 2814 Ordinem
1051 2766 1387 2831 praeposterum
1414 2767 1593 2833 Anglia
1616 2768 1828 2823 sanxivit,

798 2844 977 2893 Mirum
1001 2845 1134 2894 dictu
1159 2845 1344 2903 dicitur,
1369 2847 1466 2895 tale
1490 2847 1595 2912 quis
1621 2847 1835 2895 audivit?

797 2924 929 2973 Nam
951 2925 1144 2990 praeefl'e
1169 2926 1312 2991 capiti
1338 2942 1508 2992 corpus
1532 2926 1816 2991 concupivit,

799 3004 987 3070 Regem
1009 3006 1145 3053 suum
1167 3022 1335 3072 regere
1359 3006 1563 3071 populus
1586 3005 1797 3071 quesivit.

480 3144 491 3166 ¹
513 3145 673 3187 Renaud,
696 3145 779 3181 Earl
796 3145 837 3180 of
850 3146 1043 3193 Boulogne.
1103 3147 1204 3194 Velly,
1222 3146 1271 3182 iii.
1289 3147 1372 3185 474.
1518 3144 1544 3160 ¹²¹
1565 3145 1653 3181 This
1670 3145 1769 3181 word
1784 3144 1849 3180 has
1865 3145 1957 3180 been
1973 3144 2088 3181 added
2103 3146 2216 3181 above
2233 3146 2295 3182 the
2311 3146 2381 3182 line

433 3206 470 3235 at
485 3211 507 3235 a
521 3200 610 3236 later
625 3201 758 3248 period,
777 3202 825 3249 by
837 3214 905 3238 one
922 3202 1005 3238 who
1023 3202 1082 3238 did
1097 3208 1162 3237 not
1178 3202 1339 3249 perceive
1351 3201 1430 3237 that
1445 3203 1493 3249 by
1505 3202 1610 3248 doing
1625 3213 1666 3237 so
1679 3201 1725 3237 he
1738 3201 1925 3248 destroyed
1940 3200 2003 3236 the
2020 3212 2131 3237 verse.
2244 3201 2262 3218 ¹¹
2277 3203 2382 3238 Some

432 3255 501 3291 few
513 3256 700 3349 rythexgifal
714 3257 803 3295 lines
816 3270 874 3296 are
887 3258 1103 3301 observable‚
1123 3259 1188 3295 but
1204 3265 1334 3295 cannot
1350 3258 1459 3305 easily
1473 3259 1518 3295 be
1535 3258 1702 3305 arranged
1717 3258 1754 3294 in
1771 3269 1792 3294 a
1808 3257 2006 3294 connected
2021 3269 2176 3294 manner.
2241 3262 2256 3278 ·
2273 3256 2381 3294 Writ-

435 3318 496 3347 ten
511 3323 548 3347 m
563 3323 581 3348 r
654 3319 773 3350 etters.
