2852 3874
549 515 613 566 92
1011 503 1433 556 CHRONICA
1475 502 1578 552 DE
1622 500 2009 551 MAILROS.
2153 502 2286 553 A.D.
2327 507 2467 553 1182.

617 645 759 694 Anno
782 639 1040 704 mclxxxij.
1071 638 1102 688 J
1104 635 1337 687 ocelinus‘
1362 633 1658 684 Glascuenfis
1685 634 1946 699 episcopus,
1977 642 2026 684 et
2059 635 2119 685 E.
2144 635 2472 702 Maylrofenfis
2529 653 2589 690 fol.
2605 655 2662 689 22.
2676 655 2710 689 b.

549 723 711 778 abbas,
735 729 783 770 et
809 718 1031 768 Osbertus
1059 715 1207 764 abbas
1234 713 1502 763 Calcoenfis
1530 730 1638 762 cum
1662 712 1764 761 aliis
1794 712 1999 762 honestis
2021 713 2129 763 viris
2159 713 2362 764 Romam
2388 733 2474 782 pro

548 802 672 867 regis
701 798 927 863 regnique
954 794 1158 860 negotiis
1188 794 1357 848 ierunt,
1395 792 1651 857 causasque
1681 792 1788 840 suas
1820 790 1929 840 Deo
1959 792 2222 857 opitulante
2253 802 2393 844 caute
2424 803 2472 844 et

546 878 795 945 prudenter
825 881 1123 940 peregerunt,
1155 872 1252 922 sani
1284 879 1332 920 et
1363 871 1542 920 alacres
1573 870 1682 919 inde
1714 870 1777 918 ad
1803 871 1887 918 sua
1909 870 2161 920 redierunt.
2232 871 2324 920 Per
2349 872 2472 938 ipsos

546 958 688 1006 etiam
727 954 904 1002 Lucius
939 953 1005 1017 iij.
1051 968 1176 1017 papa
1213 967 1405 999 auream
1441 950 1591 998 rosam
1636 950 1737 1014 regi
1776 949 2017 998 Willelmo
2059 951 2328 1000 Scottorum
2365 968 2472 1001 cum

546 1042 740 1100 paterna
763 1031 1094 1081 beneditifione
1118 1029 1377 1078 transmisit.

612 1112 845 1161 Henricus
863 1111 1012 1159 senior
1035 1126 1116 1158 rex
1136 1108 1310 1173 Anglie
1329 1108 1656 1162 transfretavit,
1680 1114 1728 1155 et
1748 1106 1856 1155 Deo
1875 1107 2157 1172 suffragante
2176 1125 2343 1174 pacem
2360 1110 2474 1159 fecit

546 1194 664 1240 inter
687 1207 848 1256 regem
875 1189 1143 1253 Philippum
1169 1187 1366 1235 Francie
1391 1194 1438 1235 et
1462 1187 1682 1234 comitem
1710 1185 1978 1251 Philippum
2004 1186 2352 1236 Flandrensem.

612 1270 744 1319 Obiit
773 1268 1034 1317 Waldeuus
1059 1283 1216 1314 comes
1240 1266 1300 1313 de
1326 1265 1540 1320 Dunbar‚
1565 1265 1641 1312 cui
1665 1264 1871 1312 successit
1898 1264 2126 1315 Patricius
2150 1267 2271 1315 filius
2294 1268 2435 1332 ejus.8
2508 1257 2515 1262 ’

612 1349 870 1413 Imperator
912 1346 1186 1394 Fredericus
1225 1352 1447 1409 nepotem
1487 1345 1636 1399 suum,
1677 1343 1847 1392 ducem
1889 1344 2111 1400 Saxonie,
2155 1345 2476 1403 Henricum&

544 1444 770 1493 generum
797 1425 1005 1479 Henrici,
1029 1425 1153 1489 regis
1180 1422 1356 1487 Anglie
1380 1422 1441 1470 ob
1466 1422 1594 1470 suam
1618 1422 1834 1486 injuriam
1858 1422 1905 1470 in
1929 1423 2119 1471 exilium
2143 1424 2209 1472 ire
2233 1425 2474 1490 compulit,

543 1508 639 1571 ipse
662 1522 771 1554 vero
795 1503 1060 1552 necessitate
1085 1502 1348 1566 compulsus
1372 1517 1479 1549 cum
1503 1501 1593 1548 suis
1617 1500 1677 1548 ad
1701 1517 1863 1564 regem
1889 1500 2149 1549 Henricum
2172 1503 2219 1550 in
2239 1502 2474 1552 Norman-

544 1585 670 1632 niam
693 1583 830 1631 tristis
858 1590 906 1630 et
936 1598 1119 1629 merens
1143 1581 1285 1635 venit,
1311 1596 1452 1644 quem
1476 1596 1556 1627 rex
1587 1578 1841 1627 honorifice
1865 1580 2062 1644 suscepit
2086 1588 2134 1628 et
2161 1580 2317 1629 locum
2341 1582 2384 1630 ei
2414 1582 2474 1630 ad

543 1661 935 1726 peregrinandum
959 1660 1219 1708 destinavit.

609 1740 750 1788 Multi
774 1740 1025 1804 piscatores
1050 1755 1156 1786 cum
1180 1737 1376 1785 navibus
1401 1737 1491 1785 suis
1515 1737 1671 1784 mense
1702 1736 1967 1801 Septembri
1996 1738 2043 1785 in
2066 1739 2184 1786 mari
2208 1739 2327 1787 inter
2354 1738 2472 1787 Her-

542 1819 686 1883 telpol
711 1826 757 1866 et
781 1817 943 1878 Ditebi
966 1817 1109 1865 nocte
1133 1816 1454 1864 miserabiliter
1478 1816 1731 1880 perierunt.

610 1898 751 1945 Anno
776 1896 1054 1960 M.c.lxxxiij.
1092 1895 1358 1943 Willelmus
1390 1912 1470 1942 rex
1500 1894 1770 1942 Scottorum
1800 1894 1944 1942 filiam
1972 1896 2103 1943 suam
2134 1896 2300 1952 Isabel,
2330 1914 2473 1962 quam

543 1977 706 2041 genuit
729 1992 787 2023 ex
809 1975 905 2022 filia
931 1974 1125 2022 Roberti
1153 1973 1355 2028 Auenel,
1383 1973 1593 2020 Roberto
1617 1973 1676 2020 de
1704 1973 1824 2021 Brus
1848 1973 2103 2022 honorifice
2128 1974 2272 2023 dedit.

610 2053 836 2102 Diffenfio
874 2069 1018 2117 prava
1058 2060 1200 2116 atque
1242 2053 1455 2116 perversa
1495 2059 1598 2100 orta
1639 2052 1705 2099 est
1745 2052 1865 2100 inter
1904 2053 2071 2101 fratres
2109 2054 2315 2103 uterinos
2353 2054 2473 2103 filios

547 2132 741 2180 Henrici
772 2132 896 2196 regis
931 2131 1120 2195 Anglie‚
1154 2147 1236 2194 per
1267 2147 1410 2196 quam
1442 2130 1590 2178 multa
1620 2131 1747 2179 mala
1784 2131 2068 2180 emerserunt
2103 2140 2150 2180 et
2181 2133 2338 2197 plures
2370 2150 2472 2198 pre-

543 2213 720 2260 sentem
744 2211 886 2258 vitam
911 2210 1242 2257 amiserunt.ggg

612 2289 845 2338 Henricus
871 2289 1028 2353 junior
1060 2305 1140 2336 rex
1175 2287 1350 2353 Anglie
1380 2287 1511 2343 obiit,
1545 2304 1668 2335 anno
1701 2288 1835 2352 xiiijo.
1870 2290 2186 2339 coronationis
2217 2292 2314 2346 sue,
2347 2292 2475 2356 apud

545 2369 736 2433 opidum
762 2367 891 2432 quod
916 2367 1083 2415 dicitur
1110 2367 1284 2414 Martel
1309 2366 1395 2430 iij0.
1422 2367 1526 2414 idus
1550 2366 1709 2415 Junjjh
1738 2366 1869 2431 [Jun.
1902 2368 2002 2433 ll].

613 2447 755 2495 Anno
779 2447 1078 2510 M.c.lxxxiiij.
1105 2445 1220 2493 obiit
1248 2445 1477 2494 Ricardus
1502 2445 1877 2510 archiepiscopus
1905 2446 2194 2496 Cantuarie.i

612 2525 846 2574 Henricus
882 2542 962 2573 rex
997 2525 1187 2590 Anglie‚
1225 2532 1414 2588 propter
1451 2523 1642 2572 ecclefie
1679 2541 1846 2588 pacem
1879 2532 1926 2572 et
1960 2543 2222 2591 pauperum
2257 2527 2484 2593 Philippo.

546 2605 644 2669 regi
684 2604 910 2659 Francie3
951 2604 1061 2651 licet
1101 2603 1286 2658 invitus,
1324 2603 1457 2650 suum
1493 2603 1606 2651 fecit
1642 2603 1916 2659 hominium,
1955 2612 2003 2652 et
2039 2605 2141 2669 post
2172 2606 2474 2671 pentecosten

550 2683 599 2747 [J
604 2701 681 2731 un.
708 2683 758 2747 5]
787 2684 1003 2748 prospere
1027 2683 1153 2731 venit
1176 2682 1224 2729 in
1250 2680 1492 2747 Angliam.

614 2763 781 2810 Petrus
807 2762 954 2810 abbas
974 2760 1289 2809 Cistercienfis
1313 2760 1380 2809 est
1404 2760 1582 2808 electus
1607 2760 1668 2808 ad
1686 2761 2007 2827 episcopatum
2032 2762 2091 2811 de
2112 2762 2255 2820 Araz,
2276 2764 2351 2812 cui
2375 2765 2474 2812 suc-

548 2841 671 2889 cessit
695 2840 842 2888 abbas
866 2840 925 2888 de
951 2839 1164 2888 Fotenei.

616 2919 879 2967 Willelmus
902 2936 983 2967 rex
1013 2919 1281 2966 Scottorum
1306 2918 1436 2966 dedit
1458 2917 1601 2966 filiam
1625 2918 1755 2966 suam
1782 2919 1893 2968 Ada
1919 2920 2123 2969 Patricio
2147 2921 2348 2970 comiti.k

608 3020 620 3038 ¹
650 3021 715 3054 See
734 3021 861 3055 Hoved.
879 3019 938 3055 fol.
959 3022 1037 3055 351.
1177 3040 1181 3043 -
1218 3019 1235 3040 3
1260 3020 1442 3066 Douglas’s
1460 3020 1620 3066 Peerage,
1640 3019 1675 3054 ii.
1698 3022 1775 3055 168.
1969 3021 2005 3042 “
2026 3021 2106 3056 The
2123 3021 2271 3057 Annales
2294 3022 2476 3068 Godesridi

551 3074 711 3108 Monachi
727 3080 815 3108 state
832 3074 909 3109 that
926 3074 970 3109 he
987 3074 1163 3108 remained
1178 3074 1214 3108 in
1233 3074 1393 3119 England
1410 3074 1532 3119 during
1548 3074 1647 3109 three
1672 3086 1784 3120 years,
1815 3075 2000 3121 according
2023 3082 2063 3110 to
2088 3075 2150 3110 the
2174 3076 2333 3122 pleasure
2349 3075 2392 3111 of
2413 3075 2475 3110 the

549 3139 722 3173 emperor3
748 3141 806 3163 see
824 3131 966 3164 Freheri
990 3131 1103 3164 Germ.
1123 3131 1248 3164 Rerum
1266 3131 1462 3175 &nfflorea
1481 3130 1504 3164 i.
1524 3132 1605 3164 248.
1797 3130 1852 3152 “⁸
1871 3131 2001 3166 Hoved.
2019 3131 2080 3166 fol.
2099 3133 2180 3166 353.
2363 3131 2381 3151 ¹¹
2409 3132 2476 3167 See

549 3183 741 3228 Brompton,
761 3183 826 3218 col.
849 3186 958 3224 1142;
983 3185 1117 3225 Diceto,
1137 3185 1203 3219 col.
1222 3186 1313 3224 617;
1340 3185 1444 3225 For-d,
1463 3185 1486 3219 i.
1504 3187 1587 3219 481.
1730 3185 1742 3206 ¹
1770 3185 1828 3220 He
1844 3185 1925 3221 died
1941 3197 2038 3232 upon
2052 3185 2115 3220 the
2134 3185 2218 3220 leth
2235 3185 2278 3220 of
2289 3185 2473 3233 February.

559 3238 701 3278 Ther-ne,
721 3238 786 3272 col.
809 3240 908 3275 1675.
1102 3238 1116 3258 ¹¹
1146 3239 1202 3273 To
1221 3239 1370 3279 Patrick,
1398 3239 1469 3273 earl
1493 3238 1536 3274 of
1557 3238 1681 3276 March
1704 3239 1775 3276 and
1791 3240 1949 3277 Dunbar.
1999 3240 2150 3281 For-dun,
2177 3240 2213 3275 in
2237 3239 2400 3287 detailing
2414 3241 2476 3277 the

550 3303 644 3331 same
659 3299 775 3333 event,
794 3292 898 3339 styles
915 3292 986 3327 him
1002 3304 1118 3328 comes
1137 3293 1340 3334 Laodensis,
1359 3293 1382 3329 i.
1400 3295 1481 3330 484.
