2852 3874
394 423 525 476 A.D.
558 429 698 483 1159.
863 426 1288 479 CHRONICA
1333 428 1433 478 DE
1481 429 1860 480 MAILROS.
2268 439 2329 490 77

388 568 513 631 poris
537 568 836 625 camerarius,
855 570 1034 618 curiam
1060 569 1328 619 Romanum
1352 586 1411 619 ex
1429 579 1562 636 parte
1586 572 1710 637 regis
1736 571 1979 620 Malcolmi
1999 571 2252 629 uifitantes‚
2270 575 2329 622 ad

386 662 563 712 papam
590 647 915 698 Alexandrum
941 649 1165 716 Agnanie
1189 650 1311 699 ultra
1336 649 1541 699 Romam
1565 659 1823 707 venerunt;
1859 651 1939 700 ubi
1965 651 2025 700 ab
2050 669 2108 700 eo
2132 653 2327 718 suscepti

386 726 496 775 satis
519 726 792 785 honorifice,
822 729 1091 778 Willelmus
1122 729 1259 778 rediit
1283 730 1330 778 in
1355 731 1568 796 sequenti
1605 747 1728 779 anno
1753 731 1940 797 legatus
1976 732 2109 798 regni
2140 732 2326 781 Scotto-

386 821 490 854 rum
524 806 713 856 factus}

456 885 590 935 Obiit
617 886 855 935 Robertus
880 887 1126 952 episcopus
1160 888 1310 936 sancti
1337 888 1572 937 Andree.k

455 964 599 1014 Anno
623 966 790 1014 M.c.lx.
812 965 1153 1014 Maloolmuskk
1166 983 1247 1014 rex
1277 967 1528 1016 Scotorum
1543 968 1670 1015 venit
1686 968 1744 1016 de
1765 970 1971 1017 exercitu
1993 970 2180 1027 Tolose,
2197 988 2323 1020 cum-

385 1061 479 1108 que
520 1044 713 1092 venifl'et
737 1044 784 1092 in
820 1044 1059 1093 civitatem
1083 1062 1177 1110 que
1213 1046 1381 1093 dicitur
1417 1046 1545 1100 Pert,
1584 1046 1858 1095 Fereteatht
1894 1049 2072 1098 comes¹
2106 1058 2218 1099 etv.
2246 1052 2323 1099 alii

385 1123 597 1178 comites,
623 1123 728 1171 irati
753 1131 917 1171 contra
952 1140 1115 1189 regem
1139 1124 1252 1189 quia
1275 1124 1478 1189 perrexit
1505 1125 1744 1181 Tolosam,
1771 1126 2052 1175 obsederunt
2086 1130 2322 1177 civitatem

384 1209 432 1249 et
472 1218 635 1267 regem
674 1219 844 1267 capere
879 1203 1141 1259 voluerunt,
1177 1204 1258 1252 sed
1293 1204 1566 1269 praesumcio
1602 1205 1786 1252 illorum
1820 1206 2011 1254 minime
2052 1208 2321 1271 praevaluit;

386 1274 672 1324 Malcolmus
708 1294 789 1324 rex
823 1276 970 1326 tribus
994 1277 1174 1326 vicibus
1210 1294 1317 1326 cum
1346 1279 1554 1327 exercitu
1588 1295 1764 1344 magno
1801 1281 2002 1344 perrexit
2038 1281 2083 1328 in
2113 1281 2322 1331 Galweia

384 1362 430 1402 et
455 1355 648 1403 tandem
673 1356 941 1421 subjugavit
966 1365 1099 1405 eos.¹¹¹

451 1434 759 1484 Ernaldusmm
786 1435 934 1485 abbas
953 1436 1013 1484 de
1037 1436 1220 1485 Calheo
1246 1437 1428 1486 electus
1447 1438 1514 1486 est
1539 1439 1599 1486 ad
1619 1438 1939 1503 episcopatum
1957 1438 2106 1489 sancti
2130 1439 2320 1489 Andree

383 1515 429 1561 in
461 1515 638 1570 Scofia,
665 1515 740 1563 die
766 1516 941 1564 scilicet
966 1517 1114 1565 sancti
1142 1517 1283 1565 Bricii
1310 1518 1513 1582 episcopi
1544 1518 1692 1582 [Nov.
1725 1519 1824 1583 13],
1858 1536 1950 1583 que
1975 1519 2066 1568 hoc
2090 1537 2214 1568 anno
2240 1521 2320 1569 do-

382 1594 554 1642 minica
587 1594 663 1642 die
688 1596 860 1651 evenit,
896 1603 943 1644 et
968 1596 1014 1643 in
1039 1597 1251 1661 sequenti
1290 1597 1366 1644 die
1391 1597 1627 1645 dominica
1657 1597 1804 1662 [Nov.
1831 1598 1937 1663 20],
1974 1599 2147 1647 scilicet
2172 1601 2317 1648 sancti

384 1672 640 1729 Edmundi,
667 1674 963 1723 consecratus
988 1675 1055 1723 est
1080 1675 1207 1740 apud
1237 1676 1453 1724 sanctum
1480 1676 1722 1724 Andream
1755 1678 1800 1724 in
1832 1677 1993 1725 Scotia
2019 1695 2046 1725 a
2076 1679 2318 1727 Willelmo

385 1752 656 1800 Murauenfi
689 1754 923 1819 episcopo,
959 1754 1080 1803 sedis
1113 1755 1365 1820 apostolice
1400 1755 1577 1821 legato,
1604 1756 1783 1804 astante
1819 1773 1932 1822 rege
1959 1757 2233 1814 Malcolmo,
2271 1768 2317 1806 et

381 1832 616 1896 episcopO,
643 1840 690 1880 et
715 1832 983 1889 abbatibus,
1009 1842 1057 1881 et
1081 1834 1330 1882 comitibus
1362 1835 1511 1900 regni,
1537 1843 1584 1883 et
1609 1835 1852 1884 Johannes
1882 1836 2089 1900 ejusdem
2124 1838 2315 1886 ecclesie

381 1918 543 1958 cantor
575 1912 618 1959 ei
654 1912 876 1968 succeffit,
912 1913 1074 1978 vigilia
1109 1914 1258 1962 sancti
1297 1913 1488 1962 Andree
1529 1914 1676 1979 [Nov.
1715 1915 1799 1979 29]
1842 1915 2038 1971 electus,
2075 1924 2122 1964 et
2157 1917 2203 1964 in
2240 1917 2314 1964 die

380 1990 632 2055 epiphanie
661 1991 790 2056 [Jan.
818 1992 870 2057 6]
900 2009 928 2040 a
956 1992 1228 2041 Glascuenfi
1253 1993 1471 2058 episcopo
1499 1993 1763 2041 Hereberto
1789 1994 2107 2043 benedictus.n

446 2068 511 2117 Et
535 2070 627 2118 hoc
652 2087 775 2118 anno
803 2071 1089 2121 Malcolmus
1113 2089 1194 2120 rex
1219 2072 1348 2120 dedit
1373 2073 1575 2121 sororem
1603 2074 1733 2120 suam
1760 2073 2086 2138 Margaretam
2115 2075 2314 2124 Conano

378 2148 486 2197 duci
514 2149 798 2198 Britannie.⁰

447 2228 580 2277 Obiit
608 2229 843 2278 Robertus
868 2231 991 2295 prior
1015 2231 1165 2280 sancti
1193 2231 1400 2287 Andree,
1421 2232 1496 2280 cui
1521 2232 1727 2280 succeffit
1751 2233 1990 2282 walterus
2010 2242 2172 2282 cantor
2197 2235 2312 2298 ejus-

378 2308 486 2355 dem
511 2309 720 2357 ecclefie.

443 2387 586 2436 Anno
609 2389 774 2437 M.clxi.
802 2389 917 2437 obiit
945 2390 1254 2439 Thedbaldus
1283 2391 1661 2440 Cantuarienfisp
1686 2393 2073 2458 archiepiscopus,
2099 2401 2146 2441 et
2183 2394 2311 2459 lega-

376 2474 450 2513 tus
477 2465 693 2515 Romane
719 2467 934 2525 ecclefie3
977 2470 1051 2517 cui
1084 2469 1290 2519 succeffit
1314 2471 1593 2520 venerabilis
1621 2470 1833 2520 Thomas
1859 2472 2163 2520 cancellarius
2188 2474 2310 2538 regis

379 2545 570 2610 Anglie,
597 2554 644 2593 et
670 2547 1027 2597 archidiaconus
1057 2549 1405 2598 Cantuarienfis
1441 2550 1662 2606 ecclefiae,
1689 2551 1892 2615 optimus
1928 2552 2088 2599 sancte
2116 2551 2210 2599 Dei
2235 2569 2310 2600 ec-

375 2623 510 2671 clefie
536 2624 766 2681 defensor,
802 2626 912 2674 licet
937 2627 996 2675 de
1030 2629 1208 2693 palatio
1246 2637 1293 2677 et
1318 2630 1511 2678 seculari
1547 2630 1711 2677 habitu
1737 2630 1973 2686 assumtus,
2010 2631 2215 2678 seculum
2239 2638 2308 2678 ta-

374 2719 483 2752 men
507 2704 698 2752 omnino
723 2704 998 2769 despiciens.

442 2782 678 2831 Ernaldus
697 2784 942 2849 episcopus
957 2786 1114 2834 factus
1131 2787 1197 2835 est
1211 2787 1398 2852 legatus
1413 2787 1546 2852 regni
1561 2788 1809 2835 Scotorum
1829 2805 1856 2835 a
1875 2804 1999 2852 papa
2011 2787 2305 2844 Alexandro;

419 2936 429 2955 ¹
452 2936 517 2971 See
543 2937 660 2971 Chron.
681 2938 717 2972 S.
729 2937 853 2978 Crucis,
873 2949 908 2983 p.
928 2939 997 2977 333
1050 2938 1189 2972 Fordun
1206 2937 1227 2972 i.
1247 2940 1329 2973 452.
1546 2939 1561 2959 ¹³
1583 2939 1670 2974 This
1696 2940 1769 2974 obit
1795 2939 1858 2974 has
1884 2941 1973 2974 been
1998 2940 2137 2987 already
2149 2942 2304 2982 entered,

370 3003 430 3027 see
446 2998 531 3026 note
549 2991 562 3006 ⁰
581 3005 703 3038 suprm
729 2993 756 3026 it
771 2993 800 3026 is
817 2993 853 3026 in
870 2992 939 3027 this
956 2992 1113 3028 instance
1130 2993 1243 3027 added
1259 2994 1306 3039 by
1322 3005 1343 3028 a
1359 2993 1454 3028 hand
1469 3006 1491 3028 a
1506 2994 1594 3028 little
1610 2995 1708 3029 later.
1854 2994 1886 3014 *ἱ
1909 2996 1975 3030 See
1993 2996 2122 3030 Hoved.
2141 2996 2201 3031 fol.
2221 3000 2302 3032 281.

371 3046 382 3068 ¹
405 3046 493 3082 This
511 3059 582 3082 was
602 3047 805 3093 Ferquhard
821 3047 953 3082 second
969 3048 1040 3082 earl
1057 3047 1099 3082 of
1112 3048 1305 3083 Strathern.
1342 3049 1481 3083 Fordun
1498 3049 1520 3083 i.
1535 3052 1617 3084 450.
1763 3048 1788 3063 ¹¹¹
1810 3049 1888 3084 The
1904 3051 2073 3085 Chronicle
2085 3052 2307 3098 quolyrood

369 3102 469 3142 adds,
495 3102 574 3138 that
592 3103 720 3147 Fergus
743 3103 821 3137 lord
845 3102 887 3145 of
900 3103 1083 3148 Galloway
1106 3104 1249 3138 became
1274 3115 1295 3137 a
1319 3115 1431 3138 canon
1456 3103 1492 3138 in
1520 3104 1712 3150 Holyrood,
1741 3117 1775 3150 p.
1796 3107 1854 3139 33.
1908 3105 1974 3140 See
1994 3106 2122 3140 Hoved.
2141 3105 2200 3141 fol.
2221 3109 2303 3141 281.

371 3155 426 3171 ”¹¹¹¹
446 3157 488 3192 In
504 3157 567 3192 the
584 3159 726 3204 margin,
749 3163 773 3178 “
788 3158 974 3205 episcopus
992 3159 1103 3193 sancti
1123 3158 1299 3194 Andree.”
1480 3158 1497 3173 ¹¹
1532 3160 1648 3194 Chron.
1669 3161 1704 3194 S.
1718 3161 1840 3201 Crucis,
1861 3172 1896 3206 p.
1915 3163 1973 3195 33.
2025 3161 2067 3196 In
2083 3161 2145 3196 the
2161 3162 2303 3207 margin,

372 3212 454 3258 “iij.
472 3214 580 3249 abbas
597 3214 641 3249 de
661 3214 832 3249 Kaleon.'’
941 3213 956 3229 ⁰
978 3214 1044 3249 See
1063 3215 1213 3255 Fordun,
1233 3214 1256 3249 i.
1272 3217 1360 3254 453;
1381 3215 1510 3250 Hoved.
1529 3214 1588 3249 fol.
1608 3217 1688 3250 282.
1799 3215 1814 3235 Ρ
1834 3216 1940 3262 Upon
1957 3216 2019 3252 the
2040 3217 2123 3253 leth
2136 3217 2179 3254 of
2189 3218 2302 3264 April.

377 3268 534 3311 Gewase,
554 3270 621 3305 col.
644 3272 746 3305 1381.
799 3269 931 3305 Becket
947 3281 1018 3305 was
1036 3269 1261 3306 consecrated
1278 3282 1373 3316 upon
1390 3270 1451 3306 the
1469 3270 1515 3306 3d
1531 3270 1573 3306 of
1583 3271 1675 3306 June
1696 3274 1796 3312 1162,
1817 3271 1883 3307 col.
1906 3274 2006 3307 1383.
