2904 3886
392 500 524 551 A.D.
555 500 695 550 1268.
859 498 1284 549 CHRONICA
1328 498 1430 548 DE
1476 498 1857 548 MAILROS.
2232 507 2327 551 213

458 643 667 700 Quidam
693 643 812 692 alius
834 659 944 691 vere
969 641 1224 690 anathema
1247 640 1440 696 diaboli,
1464 641 1546 706 qui
1578 640 1841 689 absciderat
1877 639 2026 688 virilia
2060 640 2208 689 saneti
2242 641 2323 688 viri

393 723 614 779 Simonis,
638 723 742 788 post
766 723 885 771 duos
909 738 1059 771 annos
1081 721 1200 770 tanti
1225 720 1410 770 sceleris
1444 720 1718 786 perpetrati,
1749 726 1901 768 morte
1925 719 2180 785 turpiffima
2203 736 2325 768 mor-

387 811 495 851 tuus
513 802 645 851 estin
666 803 843 858 Scotia,
860 801 1121 850 submersus
1138 801 1186 848 in
1203 817 1380 866 magno
1399 800 1634 865 profundo
1651 800 1843 848 flumine
1855 798 2132 863 Thayenfi,¹¹
2149 799 2324 848 fluente

387 880 448 928 ad
471 898 602 930 mare
627 881 765 946 juxta
795 880 954 930 nobile
979 880 1205 945 oppidum
1229 879 1289 927 de
1317 879 1484 935 Perht3
1517 879 1577 928 de
1601 895 1697 944 quo
1731 895 1839 927 cum
1864 878 2093 927 debuisset
2125 879 2322 934 extrahi,

386 960 561 1008 inventi
585 962 689 1009 sunt
723 962 860 1025 super
893 968 1105 1008 ventrem
1140 959 1243 1023 ejus
1274 958 1369 1006 duo
1400 958 1651 1006 scrabones
1685 958 1802 1006 mire
1826 958 2142 1022 turpitudinis,
2175 958 2322 1023 pedes

385 1040 491 1088 suos
516 1039 637 1087 adeo
667 1039 850 1087 fortiter
881 1039 928 1086 in
965 1039 1063 1103 ipso
1095 1045 1257 1086 ventre
1291 1037 1409 1085 fixos
1440 1037 1670 1085 habentes
1694 1045 1746 1085 ut
1777 1037 1852 1084 vix
1888 1038 2023 1085 evelli
2056 1038 2321 1102 potuissent,

389 1117 540 1182 Cujus
564 1135 733 1182 corpus
756 1118 919 1166 infelix
943 1118 1003 1165 de
1027 1117 1219 1165 flumine
1252 1116 1534 1171 extractum,
1560 1116 1784 1180 equinam
1816 1117 1986 1163 meruit
2018 1118 2318 1181 sepulturam.

389 1197 443 1244 In
467 1197 702 1245 nonnullis
721 1197 846 1244 enim
869 1197 1001 1254 locis,
1020 1195 1135 1244 ficut
1159 1195 1206 1243 in
1228 1194 1545 1260 Agrigentina
1564 1195 1775 1260 regione,
1795 1195 2080 1259 sepeliuntur
2105 1197 2214 1260 equi
2239 1214 2320 1244 no-

385 1275 517 1331 biles,
542 1283 732 1341 propter
764 1274 1035 1324 industriam
1059 1274 1317 1323 nobilitatis
1339 1275 1437 1330 sue,
1462 1291 1664 1339 quorum
1696 1274 1839 1322 etiam
1872 1274 2063 1322 tumulis
2095 1275 2322 1339 adjiciun-

384 1362 458 1402 tur
476 1355 743 1419 piramides,
763 1362 815 1403 ut
829 1362 961 1420 patet
978 1354 1097 1403 libro
1113 1354 1208 1419 viij.
1228 1353 1367 1402 Plinii
1386 1353 1446 1402 de
1462 1353 1685 1402 Naturali
1706 1352 1944 1417 Hystoria,
1965 1354 2172 1418 capitulo
2191 1354 2320 1418 xliiij.

389 1434 589 1500 Indigne
621 1436 763 1500 igitur
788 1435 984 1483 dixerim
1008 1434 1246 1482 infelicem
1269 1433 1525 1488 hominem,
1551 1433 1610 1480 de
1635 1449 1730 1497 quo
1755 1432 1897 1480 modo
1921 1432 2107 1482 locutus
2131 1434 2230 1480 sum
2255 1434 2321 1482 se-

385 1514 621 1579 pulturam
645 1515 868 1579 equinam
900 1513 1130 1569 meruiffe,
1155 1512 1381 1578 quoniam
1405 1512 1711 1578 degeneravit
1744 1529 1772 1559 a
1803 1512 2050 1560 nobilitate
2075 1530 2320 1577 equorum,

386 1593 592 1641 nobilem
616 1594 902 1659 sepulturam
933 1593 1322 1658 promerentium3
1355 1592 1481 1640 unde
1507 1591 1676 1640 dicitur
1707 1592 1754 1639 in
1780 1591 1987 1656 capitulo
2006 1592 2148 1640 modo
2174 1592 2319 1648 dicto,

385 1672 513 1737 quod
538 1673 671 1721 divus
696 1674 948 1738 imperator
972 1673 1202 1721 tumulum
1230 1689 1353 1737 equo
1378 1673 1459 1720 suo
1483 1671 1611 1719 fecit.
1663 1671 1867 1719 Paetum
1891 1671 1958 1718 est
1983 1678 2030 1718 et
2054 1688 2243 1720 carmen
2262 1672 2322 1720 de

386 1751 465 1799 illo
490 1768 631 1817 equo.
704 1753 839 1808 Item,
866 1761 917 1800 ut
941 1753 1089 1817 liquet
1114 1751 1194 1807 ibi,
1218 1768 1421 1816 magnus
1453 1768 1534 1799 rex
1561 1750 1833 1798 Alexander
1862 1751 1981 1798 inter
2005 1751 2085 1815 xij,
2115 1750 2321 1799 Alexan-

386 1831 510 1880 drias
534 1849 653 1896 quas
672 1832 940 1887 construxit,
959 1832 1073 1880 fecit
1091 1848 1235 1879 unam
1253 1830 1419 1878 urbem
1438 1831 1627 1878 nomine
1653 1831 1733 1878 suo
1753 1830 1996 1877 dirivative
2017 1830 2321 1894 appellatam,

386 1911 560 1958 scilicet
579 1910 934 1967 Alexandriam,
955 1911 1238 1976 cognomine
1256 1910 1589 1958 Buscefaleam
1608 1926 1732 1974 equo
1751 1910 1855 1964 suo;
1878 1909 2178 1974 Bucephalas
2197 1910 2322 1957 enim

384 1990 642 2038 vocabatur
658 2008 809 2055 equus
825 1992 927 2056 ejus
944 1991 1018 2039 cui
1034 1991 1137 2055 post
1151 1998 1351 2038 mortem
1366 1989 1479 2038 fecit
1498 1989 1739 2053 exequias,
1757 1996 1805 2036 et
1819 1996 2014 2036 vocatur
2034 1988 2322 2037 Alexandria

384 2069 464 2116 illa
482 2068 789 2134 Bucephalea
803 2078 993 2135 propter
1011 2069 1336 2134 Bucephalam
1355 2068 1611 2116 Alexandri
1628 2085 1803 2132 equum
1817 2067 2025 2115 nobilem
2039 2068 2323 2116 tumulatum

384 2149 431 2196 in
456 2166 529 2197 ea.
600 2149 666 2197 Et
690 2149 812 2198 bene
842 2150 932 2197 fuit
962 2150 1045 2197 iste
1077 2166 1228 2214 equus
1256 2148 1427 2214 dignus
1457 2148 1539 2196 tali
1571 2147 1823 2212 sepultura,
1848 2147 2089 2211 quoniam,
2117 2146 2323 2195 Alexan-

385 2228 519 2276 drum
545 2229 787 2278 dominum
812 2231 943 2278 suum
969 2247 996 2277 e
1021 2229 1247 2277 diriffimis
1271 2228 1502 2276 bellorum
1526 2227 1860 2275 certaminibus
1885 2226 2102 2290 sospitem
2127 2243 2217 2291 ope
2242 2227 2323 2274 sua

384 2303 564 2358 extulit,
590 2311 642 2351 ut
666 2305 808 2352 refert
838 2304 1027 2353 Solinus
1058 2304 1106 2351 in
1136 2303 1255 2351 libro
1281 2303 1341 2351 de
1367 2301 1668 2351 Mirabilibus
1691 2300 1872 2357 mundi,
1898 2300 2105 2365 capitulo
2132 2301 2320 2365 c.lxxiij.

387 2380 481 2429 Hic
505 2399 623 2446 equs
647 2383 817 2432 decore
845 2383 1103 2431 Alexandri
1128 2390 1294 2447 captus
1317 2383 1422 2437 fuit,
1448 2382 1528 2430 sed
1552 2398 1645 2446 ego
1671 2381 1827 2445 potius
1847 2380 1988 2428 credo
2022 2396 2180 2428 amore
2211 2380 2324 2427 dum

386 2460 541 2508 adhuc
565 2479 681 2526 puer
706 2462 817 2511 effet
838 2462 1127 2517 Alexander,
1151 2469 1204 2509 ut
1227 2469 1360 2526 patet
1383 2462 1430 2509 in
1454 2468 1586 2508 textu
1608 2460 1746 2508 Plinii
1772 2460 1852 2507 ubi
1877 2460 2030 2523 supra.
2080 2458 2213 2506 Bene
2238 2458 2323 2506 ita-

386 2563 479 2610 que
511 2542 708 2591 dixerim
739 2541 869 2606 quod
902 2558 1060 2589 amore
1093 2541 1226 2606 pueri
1252 2540 1511 2589 Alexandri
1543 2547 1710 2604 captus
1740 2539 1828 2586 fuit
1861 2555 1978 2602 equs
2010 2538 2112 2602 ejus
2144 2537 2190 2584 in
2222 2546 2322 2585 tan-

384 2634 486 2673 tum
509 2631 562 2672 ut
587 2639 751 2670 omnes
775 2620 969 2670 seffores
995 2620 1180 2669 dorsum
1205 2620 1308 2685 ejus
1332 2619 1639 2667 ascendentes
1671 2618 1883 2672 reiceret,
1904 2624 2103 2681 excepto
2131 2616 2323 2664 domino,

384 2705 466 2752 suo
490 2702 694 2769 proprio,
719 2701 894 2748 scilicet
916 2699 1203 2748 Alexandro.
1257 2698 1444 2763 Scripsit
1471 2698 1660 2747 Solinus
1679 2698 1824 2746 etiam
1842 2696 1901 2745 de
1921 2695 2023 2744 aliis
2042 2696 2175 2760 equis
2195 2696 2323 2760 quod

383 2783 622 2831 neminem
639 2797 851 2845 unquam
868 2786 1023 2844 preter
1042 2778 1286 2827 dominum
1308 2779 1442 2826 suum
1465 2777 1636 2826 vehere
1656 2776 1838 2841 dignati
1857 2777 1976 2831 sunt,
1993 2782 2041 2823 et
2059 2773 2207 2822 multa
2231 2775 2325 2823 alia

385 2859 796 2914 commendabilia,
820 2859 868 2907 in
893 2858 1110 2923 capitulis
1135 2875 1228 2923 que
1252 2859 1390 2922 supra
1420 2857 1674 2911 nominavi,
1700 2856 1760 2904 de
1783 2862 1953 2903 natura
1978 2871 2224 2919 equorum,
2250 2861 2322 2902 ut-

383 2948 495 3006 pote
519 2940 649 3006 quod
671 2939 890 2987 lacrimas
912 2937 1116 2986 fundunt
1139 2954 1224 3002 pro
1247 2943 1398 2984 morte
1423 2936 1720 2984 dominorum
1744 2936 1946 2984 suorum.
2005 2933 2050 2982 O
2075 2934 2155 2998 pia
2179 2950 2322 2999 gene-

384 3021 545 3069 rofitas
570 3019 821 3085 equorum!
895 3017 1014 3065 Item
1049 3017 1195 3082 gratis
1229 3017 1356 3065 fame
1391 3015 1652 3064 moriuntur
1687 3014 1881 3080 perditis
1915 3012 2179 3062 reetoribus
2203 3030 2323 3078 quos

446 3127 463 3142 ¹¹
493 3127 610 3162 There
636 3138 748 3161 seems
765 3137 870 3171 every
886 3124 1093 3170 probability
1114 3130 1152 3158 to
1167 3123 1304 3158 believe
1320 3123 1398 3157 that
1415 3122 1476 3157 the
1500 3121 1691 3156 individual
1715 3121 1799 3156 here
1823 3120 1964 3156 alluded
1982 3126 2021 3155 to
2044 3120 2074 3154 is
2090 3119 2153 3154 the
2177 3131 2273 3154 same
2289 3120 2333 3155 of

386 3183 500 3218 whom
517 3194 539 3218 a
555 3183 694 3218 curious
711 3182 792 3221 tale,
813 3180 1092 3215 communicated
1108 3186 1146 3214 to
1163 3179 1225 3213 the
1242 3179 1408 3225 compilet
1426 3179 1470 3224 by
1487 3178 1548 3212 the
1566 3177 1745 3212 confessor
1762 3175 1803 3211 of
1818 3176 2002 3222 Margaret,
2027 3175 2152 3216 Queen
2169 3173 2211 3209 os
2225 3175 2325 3210 Scot-

382 3238 475 3279 iand‚
494 3238 523 3273 is
539 3238 693 3273 inserted
710 3237 745 3271 in
761 3236 824 3271 the
841 3235 1026 3271 Chronicle
1044 3235 1085 3269 of
1099 3235 1303 3269 Lanercost.
1358 3234 1439 3268 The
1455 3245 1550 3268 same
1568 3233 1746 3279 authority
1762 3239 1871 3267 states
1888 3231 1966 3267 that
1985 3230 2134 3266 Edward
2153 3230 2238 3266 took
2255 3230 2325 3266 this

383 3293 520 3340 esquire
536 3293 610 3329 into
628 3293 682 3328 his
699 3304 779 3328 own
796 3292 943 3332 minue,
964 3291 1033 3327 and
1049 3290 1127 3326 that
1143 3290 1190 3326 he
1206 3302 1278 3325 was
1297 3289 1484 3336 presented
1500 3290 1547 3335 by
1563 3289 1617 3323 his
1633 3296 1762 3323 master
1777 3294 1816 3323 to
1833 3288 1959 3329 Queen
1980 3286 2167 3333 Margaret.
