2904 3886
532 499 535 501 >
601 470 692 515 158
1058 467 1481 518 CHRONICA
1525 468 1626 518 DE
1671 467 2051 521 MAILROS.
2208 470 2341 526 A.D.
2382 475 2523 521 1244.

597 608 831 657 concuffit.
904 607 1222 657 Transeuntes
1253 608 1379 656 enim
1410 624 1560 673 aquas
1590 607 1804 673 frigidas,
1829 609 1977 674 usque
2007 609 2070 659 ad
2099 617 2293 674 pontem
2321 612 2525 665 ferreum

596 703 741 752 prope
767 686 1072 735 Antiochiam
1102 694 1430 751 pervenerunt,
1455 685 1586 751 quafi
1618 686 1796 735 locuste
1822 686 1873 735 in
1902 686 2042 736 turba
2072 687 2400 739 innumerabili
2427 692 2527 742 uni.—

595 767 724 813 versa
747 764 996 813 vastantes.
1068 765 1247 813 Verum
1271 765 1331 814 de
1355 765 1513 814 divina
1543 765 1758 830 proceffit
1780 766 2034 815 clementia
2063 767 2194 831 quod
2223 767 2402 817 soldani
2427 769 2525 818 Da-

595 845 734 892 masci
760 852 807 892 et
834 844 1039 909 Halapie
1064 852 1113 892 et
1140 845 1370 900 Camelle,
1394 861 1489 893 non
1513 844 1608 893 fine
1637 845 1788 894 multa
1810 845 2032 894 effufione
2055 847 2272 910 pecunie,
2296 848 2443 913 usque
2467 849 2528 897 ad

592 930 771 971 certum
802 932 989 990 tempus
1018 924 1157 973 fedus
1191 924 1307 972 inire
1339 941 1447 972 cum
1481 924 1585 980 illis,
1617 931 1665 973 et
1695 924 1757 973 fic
1793 924 1854 973 ad
1888 931 2046 989 partes
2080 926 2369 982 remotiores,
2401 927 2527 976 unde

592 1011 832 1059 venerant,
873 1004 977 1052 sunt
1016 1002 1205 1059 reverfi;
1251 1004 1299 1051 in
1340 1020 1540 1068 quorum
1579 1003 1756 1051 recefl'u
1795 1004 1952 1052 nostra
1988 1012 2239 1070 utrumque
2277 1013 2325 1054 et
2357 1007 2526 1071 ⁴populi

596 1082 845 1131 Christiani
865 1084 1078 1131 anxietas
1097 1083 1380 1147 conquievit.
1429 1082 1535 1131 Nos
1553 1090 1713 1131 tamen
1732 1083 1856 1132 circa
1879 1083 2259 1133 Corosminorum
2277 1084 2526 1134 instantem

592 1162 803 1226 gladium
827 1170 927 1210 tota
952 1162 1260 1210 sollicitudine
1285 1162 1566 1227 cogitantes,
1599 1162 1660 1210 ad
1684 1179 1846 1210 eorum
1869 1162 2187 1228 expulfionem
2218 1180 2313 1211 non
2337 1164 2524 1213 cefl'avi-

592 1258 711 1296 mus,
752 1258 841 1290 nec
876 1242 1118 1297 cessamus,
1156 1242 1267 1290 totis
1307 1241 1554 1290 conatibus
1594 1241 1825 1297 laborare,
1866 1241 2062 1291 illustres
2101 1259 2264 1307 regem
2306 1242 2437 1308 cipri
2478 1252 2525 1291 et

592 1321 850 1385 principem
879 1320 1132 1368 Antiochie
1162 1320 1223 1368 ad
1250 1320 1399 1368 Terre
1422 1320 1585 1368 sancte
1609 1319 1859 1368 subfidium
1881 1320 2123 1370 hortantes
2147 1329 2350 1378 attente3
2386 1323 2466 1371 sed
2498 1341 2526 1371 a

592 1416 705 1464 rege
740 1400 954 1463 predisto
989 1400 1169 1447 nullum
1203 1399 1443 1463 potuimus
1475 1399 1652 1447 habere
1686 1400 1967 1455 succursum,
2002 1400 2129 1448 idem
2164 1417 2274 1448 vero
2309 1402 2525 1467 princeps

594 1479 899 1526 Tartarorum
924 1478 1178 1543 regressum
1201 1485 1433 1532 metuens,
1458 1479 1505 1526 se
1529 1478 1847 1542 multipliciter
1871 1479 2122 1526 excusavit.

660 1558 880 1622 Cumque
915 1559 962 1604 in
995 1557 1144 1606 Terra
1175 1557 1340 1605 sancta
1374 1573 1468 1604 non
1502 1556 1590 1604 fint
1623 1556 1795 1604 milites
1830 1564 1912 1605 aut
1942 1557 2125 1621 pedites
2159 1558 2410 1623 peregrini,
2446 1559 2526 1606 nifi

589 1636 860 1700 pauciflimi,
880 1636 1051 1701 quibus
1070 1635 1287 1684 omnibus
1306 1636 1590 1700 computatis
1608 1635 1683 1683 vix
1702 1635 1833 1699 poffit
1854 1635 1915 1683 ad
1934 1636 2255 1684 centenarium
2279 1653 2526 1685 numerum

589 1716 880 1780 computari;
915 1715 1087 1764 milites
1118 1715 1262 1763 etiam
1293 1722 1416 1764 terre
1447 1715 1550 1763 sunt
1580 1714 1690 1762 hinc
1721 1714 1831 1763 inde
1862 1714 2050 1779 disperfi
2072 1731 2219 1780 prope
2248 1715 2398 1764 castra
2428 1733 2526 1765 mu-

588 1796 786 1850 nientes,
812 1795 893 1860 qui
924 1812 1019 1843 non
1043 1795 1202 1842 valent
1233 1794 1292 1843 de
1323 1795 1450 1842 facili
1476 1794 1773 1859 congregari,
1799 1811 1856 1842 eo
1888 1794 2017 1858 quod
2046 1811 2142 1842 non
2166 1794 2350 1859 pofl'unt
2379 1795 2527 1844 castra

588 1875 852 1938 relinquere
876 1874 1146 1929 immunita3
1171 1890 1422 1921 commune
1444 1881 1564 1921 terre
1590 1872 1830 1921 confilium
1849 1872 2051 1922 diffuafit
2074 1874 2407 1939 multipliciter,
2431 1874 2526 1923 fine

589 1953 752 2017 majori
785 1953 984 2001 subfidio
1009 1953 1113 2000 illos
1145 1952 1443 2016 nequiffimos
1475 1951 1713 2006 invadere,
1746 1953 1826 1999 seu
1850 1969 2065 2017 pugnare
2097 1969 2204 2000 cum
2236 1953 2340 2001 illis.
2411 1953 2525 2001 Non

589 2034 713 2079 enim
744 2040 899 2079 tutum
923 2039 1024 2079 erat
1056 2039 1219 2079 contra
1242 2031 1429 2079 turbam
1459 2038 1558 2078 tam
1589 2031 1844 2079 maximam
1875 2039 1923 2079 et
1955 2038 2198 2095 potentem
2223 2048 2331 2079 cum
2363 2033 2525 2095 paucis

589 2128 825 2175 pugnare;
860 2111 1064 2158 maxime
1089 2127 1196 2158 cum
1219 2110 1362 2174 paulo
1386 2109 1489 2173 post
1519 2110 1720 2173 primum
1752 2109 2004 2174 ingressum
2034 2110 2219 2158 illorum
2248 2110 2341 2158 alia
2371 2111 2524 2159 multi-

589 2190 704 2237 tudo
737 2190 891 2254 gentis
923 2189 1133 2254 ejusdem
1165 2188 1407 2236 advenerit
1438 2188 1667 2252 adjunfita
1698 2204 1806 2236 cum
1838 2188 1942 2243 illis,
1967 2189 2048 2252 qui
2080 2205 2174 2236 non
2199 2197 2350 2244 erant,
2383 2198 2434 2237 ut
2458 2190 2525 2237 di-

590 2269 723 2323 citur,
748 2268 978 2332 prioribus
1002 2268 1271 2332 pauciores3
1308 2267 1452 2315 etiam
1475 2266 1590 2314 ficut
1614 2284 1697 2331 pro
1722 2274 1851 2315 certo
1875 2268 2088 2322 refertur,
2120 2267 2203 2331 ipfi
2226 2269 2346 2323 sunt,
2370 2277 2524 2332 preter

591 2348 706 2394 alios
730 2363 1004 2395 communes
1033 2347 1263 2402 homines,
1289 2363 1457 2394 uxores
1482 2362 1645 2394 eorum
1669 2354 1717 2394 et
1739 2346 1959 2402 familias,
1984 2346 2106 2394 ultra
2129 2346 2209 2410 xij.
2242 2347 2371 2394 milia
2394 2348 2524 2412 equi-

589 2435 690 2474 tum
709 2426 1033 2490 expeditorum
1058 2426 1119 2473 ad
1144 2442 1290 2474 arma.
1345 2425 1454 2473 Fuit
1472 2426 1634 2490 itaque
1653 2425 1890 2473 communi
1910 2425 2250 2474 deliberatione
2274 2426 2522 2490 provisum,

591 2505 805 2553 soldarios
832 2505 1054 2553 Damasci
1086 2513 1133 2553 et
1162 2505 1376 2554 Camelle
1407 2505 1456 2552 in
1484 2504 1854 2553 Christianorum
1885 2503 2136 2552 subfidium
2168 2504 2417 2561 advocare,
2442 2506 2523 2570 qui

590 2586 693 2632 sunt
728 2601 836 2632 cum
875 2584 1150 2633 Christianis
1184 2592 1352 2649 treuge
1387 2591 1436 2632 et
1474 2583 1638 2632 federe
1673 2583 1899 2648 copulati,
1940 2591 1988 2631 et
2022 2590 2187 2632 contra
2225 2583 2524 2632 Corosminos

591 2663 766 2711 habent
797 2664 1062 2712 inimicitias
1085 2663 1328 2728 capitales.
1400 2662 1534 2711 Diffi
1558 2679 1668 2710 vero
1697 2662 1893 2711 Soldani
1924 2662 2078 2727 sepius
2102 2661 2323 2727 requisiti,
2348 2663 2395 2711 se
2418 2679 2522 2728 pro-

591 2744 810 2790 miserunt
834 2759 942 2791 cum
977 2743 1086 2790 totis
1108 2742 1282 2790 viribus
1318 2742 1380 2790 ad
1407 2741 1777 2790 Christianorum
1806 2741 2058 2790 subfidium
2092 2741 2376 2797 acceffuros;
2408 2758 2523 2807 quo-

592 2839 691 2869 rum
726 2822 786 2869 de
822 2822 898 2870 die
934 2822 980 2869 in
1022 2822 1098 2870 die
1139 2822 1418 2886 expectatus
1455 2820 1685 2869 adventus
1719 2821 1810 2869 fuit
1844 2821 1966 2869 ultra
2000 2821 2210 2870 omnium
2251 2821 2521 2885 opinionem

592 2901 863 2963 protelatus,
895 2900 990 2949 fine
1026 2917 1227 2965 quorum
1250 2900 1423 2948 viribus
1454 2900 1764 2965 periculosum
1795 2907 1897 2949 erat
1924 2899 2263 2949 christianitati
2293 2915 2401 2950 cum
2434 2899 2523 2949 illis

592 2979 742 3027 subire
778 2987 1030 3028 certamen.
1104 2979 1298 3028 Interim
1328 2995 1439 3027 vero
1473 2979 1676 3045 populus
1709 2979 1962 3028 Ierusalem
1995 2978 2278 3034 inhabitans,
2313 2976 2521 3026 hostibus

592 3056 699 3104 hinc
730 3058 839 3105 inde
863 3058 1078 3114 vallatus,
1103 3075 1223 3123 quos
1249 3058 1376 3107 intus
1398 3059 1566 3115 fames,
1589 3058 1703 3108 foris
1733 3057 1921 3123 gladius
1943 3056 2245 3122 perurgebat,
2269 3053 2521 3105 terroribus

593 3142 641 3181 et
674 3136 890 3198 periculis
919 3137 1128 3201 plurimis
1162 3136 1523 3202 angustabatur;
1559 3136 1622 3185 ad
1656 3136 1791 3201 cujus
1820 3135 2085 3185 succursum
2119 3132 2427 3184 credebamus
2461 3132 2521 3181 de

593 3212 669 3259 die
704 3214 750 3260 in
783 3213 907 3261 diem
939 3215 1195 3264 exercitum
1228 3231 1538 3280 congregare.
1610 3214 1678 3264 At
1711 3214 1874 3278 perfidi
1909 3212 2170 3262 Corosmini
2201 3227 2308 3260 cum
2342 3227 2519 3277 magna

2600 1730 2659 1765 fol.
2679 1732 2737 1767 47.
