2852 3874
15 3743 49 3874 W
6 3508 40 3681 ἳῡὲῖκνιητ
19 3482 25 3495 ⁴
22 3462 27 3470 .
20 3396 22 3402 .
22 3361 24 3367 ,
18 3340 31 3347 2

394 457 526 508 A.D.
570 463 711 507 1048.
868 458 1293 510 CHRONICA
1332 460 1434 510 DE
1473 459 1853 510 MAILROS.
2257 471 2321 519 49

396 597 589 646 Siwardi
635 597 760 663 regis
800 597 852 646 N
853 615 1167 664 oreganorum
1211 598 1349 656 filius,
1396 606 1444 648 et
1490 616 1548 648 ex
1593 607 1729 665 parte
1773 600 1934 648 matris
1978 600 2123 650 frater
2167 602 2316 651 sancti

393 675 552 732 Olaui,
576 684 770 742 patruus
793 677 967 726 scilicet
986 677 1157 744 Magni
1180 679 1321 744 regis,
1346 677 1399 728 N
1400 694 1594 744 oregam
1616 679 1818 745 repetiit,
1838 686 1885 728 et
1899 695 1983 745 per
1996 680 2102 729 suos
2119 681 2316 730 nuncios

387 771 557 820 pacem
581 773 688 804 cum
712 773 826 822 rege
853 756 1120 823 Anglorum
1142 757 1272 806 fecit.

456 835 604 883 Terre
627 843 782 883 motus
806 835 957 883 extitit
979 851 1183 900 magnus
1203 835 1514 884 kalendarum
1538 836 1687 902 Maijy
1709 836 1850 902 [Maij
1878 837 1924 902 1]
1945 837 2037 894 die,
2066 837 2312 904 Wigorne,

393 911 520 969 Wic,
547 913 806 969 Deorbeia,
831 920 878 961 et
901 914 1060 962 multis
1084 913 1186 962 aliis
1209 914 1341 962 locis.

453 992 722 1040 Mortalitas
745 991 990 1039 hominum
1014 999 1062 1039 et
1088 992 1362 1040 animalium
1399 992 1549 1040 multa
1585 994 1746 1041 secuta
1782 994 1864 1050 est,
1903 1003 1950 1042 et
1986 996 2108 1061 ignis
2145 998 2312 1054 aerius,

384 1070 527 1135 vulgo
551 1069 707 1118 dictus
736 1069 1006 1125 Siluaticus,
1031 1069 1313 1135 quibusdam
1337 1070 1384 1118 in
1407 1071 1524 1120 locis
1548 1071 1684 1120 villas
1705 1080 1753 1120 et
1790 1074 1974 1138 segetes
2008 1074 2180 1124 multas
2217 1094 2312 1126 cre-

495 1148 547 1195 it.

384 1163 590 1275 Πιῗζηῐιο
615 1228 784 1276 M.xlix.
815 1228 943 1277 Leoz
966 1230 1124 1278 factus
1161 1230 1228 1278 est
1251 1247 1378 1295 papa
1415 1230 1682 1279 0¹¹⁸.xl¹¹⁸.v¹¹⁸.
1757 1229 1847 1278 Iste
1889 1230 1955 1278 est
1982 1229 2084 1279 Leo
2110 1232 2190 1296 qui
2231 1249 2311 1280 no-

381 1322 491 1354 vum
519 1314 712 1355 cantum
738 1307 798 1356 de
824 1309 986 1357 sancto
1015 1309 1250 1375 Gregorio
1274 1310 1414 1358 fecit..

446 1385 682 1435 Henricus
704 1388 956 1453 imperator
974 1388 1357 1438 innuMerabilem
1375 1390 1682 1455 congregavit
1702 1390 1962 1437 exercitum
1987 1396 2149 1437 contra
2170 1389 2310 1438 Bald-

378 1466 547 1513 winum
575 1466 927 1515 Flandrenfium
952 1469 1189 1524 comitem,
1216 1486 1273 1517 eo
1299 1469 1427 1533 quod
1452 1469 1579 1534 apud
1605 1469 1911 1534 Neomagum
1927 1469 2155 1534 palatium
2179 1470 2310 1518 suum

378 1544 684 1593 combuffiffet
708 1547 1071 1610 pulcherrimum
1096 1555 1239 1612 atque
1263 1547 1524 1613 fregiffet,22
1550 1548 1596 1595 in
1622 1565 1718 1612 qua
1742 1548 2041 1613 expeditione
2078 1548 2167 1596 fuit
2207 1547 2308 1596 Leo

376 1640 517 1688 papa,
556 1631 603 1671 et
641 1624 700 1672 de
737 1625 894 1673 multis
940 1626 1072 1674 terris
1118 1626 1300 1675 nobiles
1338 1639 1487 1691 quam·
1522 1626 1721 1691 plurimi.
1812 1627 2007 1675 Swanus
2045 1627 2187 1675 etiam
2225 1644 2306 1675 rex

378 1702 627 1750 Danorum
663 1720 770 1750 cum
811 1705 892 1751 sua
931 1704 1068 1752 claffe
1110 1705 1175 1752 illi
1218 1705 1364 1760 affuit,
1407 1713 1454 1752 et
1494 1705 1770 1753 fidelitatem
1810 1706 2079 1770 imperatori
2114 1706 2303 1770 juravit.

381 1780 665 1846 Compulsus
700 1782 893 1830 tandem
918 1799 1077 1830 comes
1104 1783 1375 1830 Baldwinus
1398 1799 1567 1846 pacem
1592 1800 1699 1830 cum
1724 1785 2005 1847 imperatore
2028 1784 2158 1831 fecit.
2262 1776 2270 1784 ”

443 1859 544 1907 Leo
580 1877 706 1924 papa
742 1860 975 1908 dedicavit
1000 1859 1244 1908 ecclesiam
1268 1861 1416 1909 sancti
1443 1860 1640 1925 Remigii
1668 1860 1843 1916 Remis,
1869 1861 1949 1909 ubi
1973 1870 2021 1910 et
2056 1863 2304 1911 concilium

406 1955 434 1985 0
544 1947 563 1967 ⁸
636 1955 666 1985 n
704 1940 753 1986 it.

374 1955 403 2003 p
437 1938 699 2066 {Zanotfrlll
711 2017 964 2065 Macbethb
974 2034 1054 2066 rex
1071 2018 1324 2066 Scotorum
1341 2017 1492 2065 Rome
1512 2025 1763 2083 argentum
1778 2018 2039 2083 spargendo
2057 2019 2301 2067 distribuit.

442 2096 574 2145 Obiit
600 2096 796 2145 Edfiusc
822 2097 1194 2146 Dorobornenfis
1220 2097 1609 2162 archiepiscopus,
1635 2097 1710 2145 cui
1749 2096 2033 2152 Rodbertus‚
2063 2097 2302 2146 Lundoni-

372 2175 490 2224 ensis
516 2176 763 2241 episcopus
788 2192 964 2241 genere
990 2175 1042 2224 N
1044 2193 1296 2224 ormannus
1321 2175 1568 2224 succeffit.d

443 2255 715 2304 Hermanus
746 2255 1066 2304 WViltonienfis
1102 2256 1363 2321 episcopus,
1408 2255 1678 2304 Aldreduse
1701 2254 2022 2320 Wigornenfis
2061 2256 2302 2320 episcopus

375 2333 577 2382 Romam
602 2335 770 2383 ierunt.

438 2412 580 2461 Anno
605 2415 712 2479 M.lj.
741 2414 964 2469 Alfricus‚
1001 2415 1082 2479 qui
1124 2422 1172 2462 et
1216 2414 1373 2470 Putta,
1418 2412 1726 2462 Eboracenfis
1763 2413 2136 2478 archiepiscopus
2174 2413 2300 2477 apud

376 2491 609 2540 Sudwelle
634 2493 765 2548 obiit,
791 2501 838 2541 et
863 2493 990 2558 apud
1011 2492 1456 2549 Medeshamstede,f
1475 2493 1522 2540 id
1541 2493 1608 2541 est
1627 2492 1801 2547 Burch,
1826 2491 2057 2556 sepelitur,
2083 2491 2157 2539 cui
2185 2491 2298 2539 Kin-

369 2570 488 2619 fiusg
511 2571 635 2636 regis
659 2572 933 2636 capellanus
958 2572 1180 2620 succeffit.

414 2743 430 2764 '
450 2744 557 2789 Upon
577 2744 719 2790 Sunday
735 2743 796 2779 the
817 2747 870 2780 lst
886 2745 928 2780 of
943 2745 1027 2791 May
1052 2747 1088 2780 S.
1108 2746 1270 2780 Dunelm.
1302 2745 1358 2780 col
1378 2747 1468 2784 183;
1497 2744 1682 2779 Dominica
1698 2744 1725 2777 is
1751 2742 1918 2788 probably
1935 2741 2081 2776 omitted
2095 2746 2132 2775 at
2147 2739 2208 2774 the
2226 2739 2295 2773 end

367 2799 409 2834 of
419 2799 488 2833 this
506 2799 622 2833 clause
639 2799 681 2834 of
691 2799 752 2834 the
770 2806 946 2835 sentence.
1093 2799 1107 2814 ²
1130 2801 1205 2834 Leo
1225 2800 1292 2835 IX.
1312 2811 1383 2834 was
1401 2800 1535 2834 elected
1563 2800 1671 2833 about
1687 2798 1748 2832 the
1766 2797 1835 2832 end
1851 2796 1894 2830 of
1915 2796 1976 2831 the
1993 2807 2074 2841 year
2095 2797 2197 2835 1048,
2226 2794 2296 2828 and

366 2854 562 2889 enthroned
579 2866 675 2900 upon
691 2854 752 2889 the
773 2855 857 2889 12th
874 2854 917 2889 of
937 2855 1121 2901 February,
1145 2857 1247 2889 1049.
1394 2853 1426 2869 ¹¹
1450 2854 1668 2898 Concerning
1691 2853 1760 2887 this
1778 2851 1987 2897 expedition,
2016 2862 2075 2885 see
2095 2849 2203 2884 L’Art
2219 2849 2292 2884 xiii.

365 2911 446 2944 288.
466 2911 546 2943 Svo.
646 2910 725 2954 (17)
744 2909 758 2923 ⁸
780 2910 886 2955 Upon
903 2909 964 2944 the
982 2910 1029 2944 ad
1045 2909 1087 2945 of
1101 2909 1264 2950 October,
1289 2911 1390 2943 1049.
1489 2908 1505 2928 b
1527 2907 1751 2947 Machethad,
1774 2908 1809 2941 S.
1828 2907 1988 2940 Dunelm.
2008 2905 2073 2940 col.
2097 2907 2188 2945 184„
2207 2903 2296 2938 from

365 2963 481 2998 whom
498 2964 567 2998 this
585 2970 749 2999 sentence
762 2965 790 2999 is
807 2964 1030 2999 transcribed.
1072 2965 1105 2999 It
1120 2965 1149 2999 is
1161 2964 1271 2999 found
1287 2963 1323 2998 in
1339 2963 1459 3009 nearly
1473 2963 1535 2998 the
1552 2974 1647 2997 same
1660 2962 1773 2997 words
1790 2961 1826 2995 in
1844 2962 1994 3001 Fordun,
2008 2960 2042 2994 ii.
2062 2962 2131 2994 253
2146 2974 2155 2999 ;
2174 2959 2244 2994 and
2259 2959 2295 2993 in

366 3020 529 3058 Florence
545 3021 587 3065 qf
605 3021 791 3060 worcester,
820 3032 854 3065 p.
874 3022 954 3055 626.
1110 3018 1124 3034 ‘³
1147 3019 1309 3060 Edsinus,
1337 3019 1455 3053 Chr-on.
1471 3018 1610 3064 August.
1638 3018 1733 3052 Cant.
1748 3016 1814 3051 col.
1830 3018 1944 3056 2249;
1974 3016 2108 3055 Diceto,
2124 3014 2190 3050 col.
2206 3014 2294 3053 4733

374 3075 531 3115 Ger-vase,
560 3074 626 3109 col.
657 3077 742 3109 1651
759 3089 767 3114 ;
803 3076 928 3115 ΤῙιονη,
957 3075 1023 3109 col.
1054 3074 1155 3112 1784.
1300 3073 1315 3094 ‘¹
1338 3073 1533 3118 According
1560 3079 1598 3107 to
1622 3072 1683 3107 the
1709 3073 1789 3106 Sax.
1802 3072 1920 3106 Chr-on.
1951 3070 1987 3104 in
2019 3071 2119 3110 1048,
2145 3081 2179 3115 p.
2214 3071 2291 3104 161.

364 3129 379 3144 ⁶
399 3129 447 3164 Et
460 3129 644 3170 Aldsedus,
666 3131 702 3165 S.
721 3131 881 3164 Dunelm.
901 3130 966 3165 col.
990 3132 1067 3164 184.
1181 3128 1194 3148 ¹
1215 3129 1306 3163 Now
1326 3128 1596 3173 Peterborough‚
1624 3128 1675 3174 le
1695 3127 1824 3167 Stubbs,
1853 3126 1918 3161 col.
1942 3126 2042 3163 1700.
2142 3123 2158 3144 ⁸
2177 3123 2298 3158 Stuhbs

364 3184 489 3219 relates
506 3184 584 3219 that
612 3185 712 3220 Kinsi
730 3185 897 3220 ordained·
919 3197 941 3220 a
955 3185 1092 3230 bisbop,
1121 3184 1237 3219 whom
1263 3184 1308 3219 he
1325 3195 1443 3218 names
1472 3184 1662 3229 Magsuem,
1691 3182 1760 3217 and
1776 3181 1830 3216 his
1847 3186 2034 3226 surrogate‚
2054 3178 2160 3220 John,
2180 3185 2219 3214 to
2234 3178 2296 3213 the

367 3238 434 3274 See
451 3239 493 3275 of
506 3240 690 3286 Glasg0w3
709 3240 779 3276 and
790 3240 867 3276 that
885 3240 930 3275 he
946 3240 1105 3276 received
1117 3239 1204 3275 from
1222 3239 1318 3275 them
1331 3251 1352 3275 a
1369 3239 1505 3275 charter
1521 3238 1563 3274 of
1573 3237 1777 3285 profession,
1798 3236 1913 3272 which
1931 3247 2002 3271 was
2018 3235 2088 3270 lost
2104 3234 2140 3270 in
2157 3233 2218 3269 the
2235 3232 2296 3268 fire

927 3313 958 3344 G
