2846 3874
602 496 693 541 123
1082 488 1504 539 CHRONICA
1548 488 1649 537 DE
1695 488 2073 539 MAILROS.
2211 493 2344 542 A.D.
2386 495 2527 545 1216.

599 634 794 682 strosum
818 637 1101 696 portentum,
1125 636 1224 676 tam
1248 627 1533 676 horrendum
1556 627 1836 675 miraculum
1853 627 2033 676 filentio
2057 629 2157 694 tegi
2175 629 2408 680 debuerit.
2467 631 2532 680 Et

597 712 630 760 fi
659 712 856 760 Creator
879 724 973 756 non
998 714 1181 755 tantum
1204 706 1332 761 lune,
1357 705 1437 754 sed
1461 706 1613 754 tocius
1638 713 1850 754 creature
1885 706 2301 771 praecellentiffime
2324 709 2533 774 speciosi-

598 791 682 838 tati
707 790 815 836 lune
847 794 895 834 et
918 787 1018 834 fere
1054 785 1264 833 omnium
1289 785 1631 832 elementorum
1665 784 1962 842 firmamenti,
1998 786 2142 834 etiam
2177 794 2299 835 terre
2323 795 2372 836 et
2392 789 2534 838 maris

597 871 886 917 sacramenta
904 866 951 913 in
970 866 1016 913 se
1036 864 1294 913 continenti
1318 881 1412 912 non
1437 865 1662 929 pepercit,
1688 865 1782 913 imo
1807 882 1891 930 pro
1909 864 2103 914 humani
2126 866 2314 931 generis
2337 883 2533 932 praemu·

594 947 777 995 nicione
802 952 934 993 tanta
957 952 1151 1008 tamque
1170 942 1350 991 diversa
1374 943 1672 991 deformitate
1697 944 1845 1008 ipsam
1868 944 2029 992 lunam
2048 943 2343 993 dehonestari
2367 946 2534 1011 permi-
2566 955 2573 962 '

595 1026 662 1081 fit,
688 1024 802 1090 quid
826 1024 885 1072 de
910 1023 1015 1089 ipfis
1039 1023 1119 1071 fiet
1150 1039 1234 1087 pro
1259 1022 1430 1087 quibus
1454 1022 1543 1070 hec
1567 1023 1848 1087 praeostensa
1871 1024 1991 1079 sunt,
2011 1024 2091 1088 qui
2116 1041 2206 1072 nec
2229 1024 2396 1073 timore
2423 1024 2532 1081 Dei,

595 1123 683 1154 nec
707 1121 881 1170 pavore
913 1103 1147 1168 gehenne,
1178 1102 1269 1150 five
1295 1102 1387 1150 alia
1411 1119 1696 1167 quacunque
1721 1102 1780 1151 de
1813 1103 1969 1159 causa,
1995 1120 2023 1151 a
2051 1103 2325 1167 perditionis
2348 1105 2428 1152 sue
2459 1104 2534 1152 via

595 1191 885 1233 revertuntur
902 1185 956 1231 ?’'

664 1343 804 1390 Anno
843 1341 1084 1405 M.cc.xvij.
1124 1341 1420 1388 consecratus
1458 1339 1524 1388 est
1568 1339 1797 1389 Ricardus
1839 1340 1897 1389 de
1938 1341 2142 1389 Matisco
2180 1342 2226 1389 in
2262 1342 2533 1407 episcopum

598 1421 1007 1469 Dunelmensem.q

663 1499 848 1548 Eodem
874 1515 1013 1554 anno,
1037 1499 1194 1546 mense
1219 1497 1247 1545 J
1252 1498 1362 1552 ulio,
1387 1498 1569 1545 fastum
1595 1497 1661 1544 est
1686 1497 1853 1545 navale
1873 1497 2048 1545 bellum
2072 1498 2191 1546 inter
2218 1499 2467 1548 Franciam
2487 1509 2534 1548 et

599 1580 839 1644 Angliam,
865 1578 1029 1626 nostris
1054 1576 1344 1641 temporibus
1362 1576 1641 1623 inauditum.
1684 1576 2021 1625 Commorante
2047 1578 2173 1624 enim
2196 1578 2243 1624 in
2272 1577 2535 1626 Lundoniis

597 1659 786 1706 domino
809 1657 1093 1705 Laodowico
1113 1673 1221 1703 cum
1244 1672 1421 1720 magna
1444 1655 1643 1702 militum
1662 1655 1976 1711 multitudine,
1995 1673 2056 1704 ne
2076 1656 2268 1721 aliquod
2286 1656 2535 1706 subfidium

596 1737 654 1785 de
682 1737 881 1784 Francia
906 1736 1061 1783 eidem
1086 1735 1343 1789 adveniret,
1373 1733 1565 1799 Anglici
1600 1742 1761 1799 portus
1790 1751 1954 1783 omnes
1990 1743 2338 1800 occupaverant
2363 1744 2410 1784 et
2438 1753 2535 1784 ma-

595 1817 695 1863 rina
718 1816 875 1863 littora
900 1814 1222 1862 districtiffime
1243 1813 1583 1861 custodiebant.
1657 1814 1826 1862 Franci
1851 1831 1961 1863 vero
1986 1814 2033 1862 in
2052 1831 2195 1862 manu
2214 1815 2371 1863 valida
2390 1823 2437 1864 et
2455 1833 2536 1864 na-

595 1896 720 1943 vium
744 1894 1044 1942 multitudine
1069 1894 1258 1958 copiosa
1282 1893 1541 1948 venienteS,
1567 1893 1668 1941 vice
1693 1894 1844 1957 prima
1868 1894 1915 1941 in
1939 1894 2080 1942 maris
2103 1895 2261 1943 medio
2287 1895 2535 1943 vietoriam

595 1975 753 2039 adepti
779 1981 994 2038 optatum
1017 1973 1126 2021 litus
1150 1971 1473 2037 possederunt:
1501 1971 1580 2019 sed
1605 1972 1707 2020 vice
1726 1974 1873 2027 versa,
1895 1972 2004 2021 Deo
2024 1973 2315 2038 disponente,
2341 1991 2535 2038 congre-

595 2054 719 2118 gatis
744 2052 952 2116 undique
976 2052 1132 2100 nautis
1157 2059 1203 2099 et
1227 2051 1440 2106 navibus,
1466 2051 1635 2098 iterum
1650 2051 1697 2098 in
1714 2051 1870 2099 medio
1895 2052 2035 2099 maris
2061 2052 2324 2100 adinvicem
2344 2051 2535 2100 obvian-

596 2142 683 2186 tes,
722 2130 1041 2195 congreffione
1078 2131 1227 2185 fac'ta,
1257 2129 1448 2194 Anglici
1490 2130 1738 2177 vietoriam
1775 2130 2077 2194 optinuerunt
2118 2138 2165 2178 et
2206 2130 2535 2195 archipiratam

600 2211 902 2264 Francorum,
930 2208 1237 2257 Eustachium
1260 2208 1569 2256 monachumr
1593 2209 1898 2271 appellatum,
1925 2225 2033 2256 cum
2058 2209 2159 2257 aliis
2183 2210 2438 2258 innumeris
2457 2227 2533 2258 oc-

598 2289 838 2344 ciderunt;
875 2305 1074 2352 quorum
1099 2287 1331 2334 cadavera
1355 2286 1558 2350 piscibus
1581 2287 1722 2334 maris
1747 2287 2016 2351 sepelienda
2048 2289 2395 2344 commiserunt,
2419 2306 2533 2353 quo-

597 2385 697 2416 rum
723 2367 947 2431 exequias
971 2366 1150 2413 marine
1177 2365 1331 2413 bellue
1358 2365 1726 2413 celebraverunt.
1753 2368 1755 2370 ’
1798 2365 2070 2414 Nobiliores
2095 2373 2255 2414 autem
2279 2367 2534 2417 retinentes

596 2448 642 2494 in
667 2447 798 2494 firma
823 2445 1048 2500 custodia,
1074 2444 1156 2492 sub
1181 2445 1261 2509 spe
1286 2444 1419 2509 pacis
1445 2452 1492 2492 et
1518 2443 1767 2493 concordie
1791 2444 2003 2492 firmioris
2028 2445 2381 2493 conservabant.
2431 2446 2533 2494 No-

596 2527 722 2574 mina
746 2542 855 2573 vero
880 2531 1125 2589 potentum
1150 2524 1231 2589 qui
1250 2523 1427 2571 ibidem
1453 2523 1578 2588 capti
1598 2524 1716 2578 sunt,
1740 2523 1829 2572 hec
1853 2524 1978 2579 sunt;
2018 2523 2254 2572 Robertus
2278 2525 2338 2573 de
2367 2524 2532 2574 Curte-

597 2605 688 2660 nei,
731 2604 998 2651 Willelmus
1036 2603 1095 2651 de
1136 2603 1287 2658 Baris,
1328 2602 1562 2651 Radulfus
1598 2602 1657 2650 de
1695 2602 1945 2658 Tornellis,
1988 2603 2255 2652 Willelmus
2293 2603 2353 2652 de
2394 2603 2533 2660 Ichri,

602 2684 868 2731 Willelmus
894 2682 952 2730 de
980 2682 1146 2738 Peffei,
1175 2682 1357 2730 Perven
1382 2681 1442 2730 de
1467 2681 1703 2737 Johanris,
1726 2682 1938 2730 Thomas
1957 2682 2016 2730 de
2041 2682 2197 2738 Cusei,
2220 2682 2456 2732 Aelradus
2475 2683 2534 2732 de

602 2763 848 2818 Croizillis,
888 2762 1138 2809 Anselmus
1170 2761 1229 2809 de
1270 2761 1520 2825 Romoyni,
1564 2761 1738 2809 Gallon
1775 2760 1834 2809 de
1872 2761 2117 2818 Munceni,
2154 2761 2451 2811 Nevellunus
2475 2761 2534 2811 de

601 2838 743 2891 Araz,
772 2836 1038 2884 Willelmus
1063 2835 1122 2883 de
1159 2835 1373 2883 Mariscis
1409 2842 1456 2883 et
1491 2834 1570 2882 alii
1601 2835 1751 2883 multi.
1828 2835 2025 2883 Summa
2060 2842 2306 2900 captorum
2336 2835 2535 2884 militum

599 2916 773 2964 sexcies
796 2915 977 2980 viginti,
997 2922 1045 2963 et
1068 2932 1095 2962 v
1111 2914 1378 2970 servientes,
1404 2914 1618 2979 equitum
1633 2914 1803 2979 septies
1818 2931 1912 2969 xx„
1938 2922 1984 2962 et
2009 2914 2070 2978 vj.
2101 2913 2352 2986 balestarii,
2374 2913 2532 2978 xxxiij.

598 2995 861 3050 servientes,
906 2994 1119 3059 peditum
1164 2993 1427 3059 o&ingenti
1473 3001 1520 3042 et
1568 2993 1728 3058 xxxiij.
1803 2992 1945 3041 Hanc
1986 2994 2214 3042 summam
2258 2999 2306 3040 et
2344 2992 2536 3040 nomina

659 3094 674 3114 ⁴³
695 3095 752 3128 M.
774 3096 874 3130 Paris
890 3095 1007 3141 places
1025 3095 1078 3130 his
1096 3095 1338 3130 consecration
1355 3107 1452 3141 upon
1469 3094 1531 3130 the
1548 3094 1636 3130 24th
1653 3094 1696 3130 of
1706 3095 1728 3130 J
1731 3094 1790 3141 uly
1809 3096 1911 3136 1219,
1930 3106 1966 3141 p.
1986 3096 2068 3129 210.
2235 3091 2248 3108 ¹
2277 3091 2336 3126 All
2351 3091 2413 3126 the
2429 3091 2535 3126 infor-

599 3149 729 3183 mation
746 3149 862 3184 which
879 3151 983 3185 could
1006 3151 1050 3185 be
1067 3150 1239 3186 collected
1255 3162 1352 3196 upon
1367 3150 1430 3185 the
1455 3149 1590 3196 history
1605 3149 1648 3185 of
1664 3149 1735 3184 this
1753 3149 1892 3185 curious
1909 3159 2111 3195 personage,
2138 3147 2209 3183 and
2230 3146 2294 3181 the
2310 3152 2433 3181 events
2450 3146 2536 3182 with

598 3202 713 3237 which
739 3203 783 3237 he
800 3205 994 3240 associated
1017 3205 1165 3246 himself,
1196 3200 1288 3240 have
1304 3206 1395 3240 been
1421 3205 1560 3251 heaped
1575 3204 1736 3250 together
1763 3205 1811 3250 by
1826 3215 1886 3250 my
1905 3203 2019 3239 friend
2034 3202 2093 3237 M.
2113 3202 2320 3247 nuncupo
2336 3200 2481 3242 Michel,
2500 3202 2536 3236 in

599 3257 652 3292 his
668 3257 902 3293 introduction
919 3266 957 3294 to
974 3271 995 3294 a
1011 3260 1170 3295 valuable
1190 3259 1326 3295 French
1343 3259 1521 3295 historical
1535 3270 1652 3306 poem,
1683 3258 1884 3304 abounding
1899 3258 1935 3292 in
1959 3257 2094 3292 minute
2117 3255 2253 3308 details,
2273 3255 2344 3290 and
2359 3255 2537 3303 evidently

597 3312 658 3348 the
676 3312 907 3359 composition
924 3313 966 3349 of
976 3326 999 3350 a
1014 3320 1254 3361 contempory,
1274 3314 1420 3350 entitled
1447 3319 1471 3335 ‘⁶
1484 3315 1616 3350 Roman
1631 3313 1840 3350 d'Eustaclae
1855 3314 1889 3348 Ie
1904 3312 2062 3348 Metine-’¹
2109 3313 2191 3346 Svo.
2245 3310 2353 3353 Paris,
2376 3313 2478 3347 1834.

2609 1360 2667 1395 sol.
2689 1362 2745 1394 34.
