2852 3874
173 1439 233 1473 fol.
254 1441 310 1473 29.

402 496 538 548 A.D.
581 500 721 546 1212.
877 497 1300 548 CHRONICA
1344 497 1445 547 DE
1491 496 1877 548 MAILROS.
2247 503 2338 547 113

394 639 625 688 kalendas
644 639 932 690 Novembris
960 639 1110 706 [Nov.
1140 640 1208 706 1],
1235 640 1388 690 Rome
1407 647 1810 706 congregarentur
1833 639 2056 705 generale
2080 639 2330 688 concilium

393 717 570 768 ibidem
595 719 891 776 celebraturi,
916 721 1126 786 exceptis
1155 719 1436 786 pauciffimis
1459 720 1541 786 qui
1573 719 1809 769 communi
1833 718 2022 768 confilio
2046 719 2094 767 in
2118 735 2329 784 unaqua-

393 814 487 863 que
509 798 665 863 patria
688 798 751 847 ob
775 799 1037 848 animarum
1061 799 1321 848 custodiam
1343 806 1654 848 remanerent.
1727 798 1817 864 Ipfi
1841 806 2000 847 autem
2031 798 2238 863 pastores
2262 798 2329 846 in-

392 878 530 926 terim
554 878 682 927 omni
706 879 1018 927 sollicitudine
1041 878 1236 928 verbum
1259 879 1354 927 vite
1385 879 1695 944 praedicarent
1719 886 1767 927 et
1798 879 2003 927 infirmos
2031 878 2079 926 in
2101 877 2194 926 fide
2220 894 2327 925 con-

391 956 644 1013 firmarent,
670 958 968 1006 confirmatos
993 958 1270 1013 animarent,
1294 957 1376 1006 sed
1399 965 1446 1006 et
1470 958 1632 1006 sancte
1656 958 1806 1006 crucis
1829 957 2068 1023 fignaculo
2087 957 2327 1023 consigna-

392 1043 495 1084 rent
519 1036 566 1084 in
584 1035 835 1084 subfidium
852 1037 1015 1085 sancte
1039 1044 1160 1085 terre
1178 1036 1550 1101 repromiffionis,
1570 1053 1714 1102 quam
1731 1044 1844 1085 tunc
1861 1037 2083 1102 temporis
2104 1037 2328 1086 Saraceni

392 1114 530 1163 nimis
553 1114 766 1179 improbe
791 1122 839 1163 et
862 1115 1136 1164 indecenter
1154 1111 1498 1164 tractaverunt.

460 1192 601 1240 Mifl'a
631 1194 736 1241 sunt
760 1211 789 1241 a
811 1194 959 1242 latere
983 1194 1176 1259 dompni
1200 1211 1325 1260 pape
1359 1195 1510 1242 multa
1541 1202 1589 1242 et
1619 1211 1796 1259 magna
1822 1195 2085 1250 luminaria,
2111 1195 2330 1244 doc‘cores

391 1271 566 1320 scilicet
597 1272 875 1321 sanctiffime
910 1274 1273 1322 conversationis
1308 1281 1356 1322 et
1394 1273 1770 1322 excellentiffime
1809 1273 2022 1322 doctrine
2058 1274 2104 1321 in
2142 1291 2330 1323 omnem

391 1350 516 1399 circa
550 1351 811 1417 regionem,
848 1369 1049 1418 quorum
1073 1353 1167 1401 duo
1191 1352 1306 1401 miffi
1338 1354 1457 1408 sunt,
1494 1370 1615 1402 unus
1639 1353 1686 1400 in
1714 1352 1940 1418 Angliam
1965 1360 2013 1401 et
2047 1353 2253 1418 reliquus
2284 1354 2329 1400 in

394 1429 660 1479 Franciam.
734 1431 789 1479 In
810 1432 1038 1497 Angliam
1061 1432 1282 1498 magister
1306 1432 1577 1498 Stephanus
1596 1432 1656 1480 de
1675 1431 1931 1496 Langetun
1957 1431 2331 1497 archiepiscopus

395 1509 655 1558 Gantuarie
691 1512 1003 1568 consecratus,
1045 1512 1092 1559 in
1134 1512 1316 1560 Gallias
1356 1512 1578 1577 magister
1615 1511 1850 1559 Robertus
1886 1511 1945 1559 de
1986 1511 2176 1560 Curzun
2211 1512 2330 1560 sedis

390 1589 644 1654 apostolice
668 1591 904 1655 presbyter
923 1599 971 1639 et
995 1591 1259 1647 cardinalis,
1279 1598 1327 1639 et
1351 1591 1501 1639 tocius
1523 1591 1720 1639 Francie
1745 1591 1932 1655 legatus
1951 1598 1998 1639 et
2024 1591 2196 1639 arbiter
2220 1608 2328 1639 con-

389 1668 590 1724 stitutus,
623 1677 674 1717 ut
698 1670 860 1719 sancte
893 1671 1257 1719 conversationis
1290 1670 1506 1735 exemplo
1532 1678 1579 1718 et
1611 1669 1842 1718 catholice
1871 1670 2215 1734 praedicationis
2246 1671 2329 1718 mi-

390 1748 577 1796 nisterio
597 1756 846 1815 utramque
871 1751 1114 1816 regionem
1133 1750 1426 1798 illustrarent.
1482 1749 1602 1798 Item
1621 1766 1784 1797 omnes
1804 1749 2092 1797 Christianos
2115 1749 2329 1814 publicos

391 1828 622 1876 usurarios
648 1835 695 1876 et
718 1828 932 1893 publicas
959 1830 1230 1878 meretrices
1254 1838 1302 1878 et
1326 1836 1508 1878 ceteros
1536 1830 1700 1877 sancte
1735 1829 1974 1894 religionis
1999 1829 2241 1884 derisores,
2268 1829 2329 1877 ad

390 1907 776 1956 ammonitionem
794 1909 1008 1973 praedicti
1027 1909 1235 1975 magistri
1257 1908 1468 1964 Roberti,
1489 1908 1676 1956 abstulit
1695 1926 1775 1957 rex
1797 1909 1995 1957 Francie
2015 1926 2043 1956 a
2062 1909 2327 1957 civitatibus

388 1986 479 2033 suis
505 1986 740 2035 univerfis.
1326 2045 1329 2048 ,

458 2064 595 2121 Item,
623 2065 896 2116 Alexander
919 2068 1040 2117 filius
1068 2069 1296 2117 Willelmi
1320 2069 1444 2134 regis
1469 2068 1738 2117 Scottorum
1762 2069 1809 2116 in
1836 2067 2063 2132 Angliam
2087 2069 2328 2156 profectus

389 2143 667 2194 Lundonias
691 2164 720 2194 a
744 2163 858 2235 rege
886 2147 1062 2213 Anglie
1087 2148 1338 2196 militarem
1356 2147 1568 2196 ordinem
1588 2148 1787 2212 accepit,
1808 2164 1932 2234 anno
1952 2147 2090 2194 etatis
2114 2148 2193 2195 sue
2212 2147 2324 2211 xiiij.

386 2302 585 2352 effectus
610 2321 718 2354 cum
742 2306 981 2371 utriusque
1016 2307 1150 2372 regni
1187 2307 1415 2372 applausu
1448 2314 1495 2354 et
1524 2305 1931 2371 congratulatione
1957 2304 2017 2352 ad
2050 2304 2236 2369 propria
2262 2304 2328 2352 est

387 2384 609 2431 reversus.

457 2461 593 2518 Item,
618 2463 666 2510 in
690 2464 779 2513 illis
804 2464 970 2514 diebus
994 2467 1188 2515 surrexit
1220 2467 1267 2514 in
1295 2465 1473 2532 Anglia
1503 2465 1620 2514 mire
1645 2464 1925 2512 audacitatis
1950 2463 2091 2510 homo
2116 2470 2163 2510 et
2188 2462 2324 2510 absti-

385 2541 569 2596 nencie,
598 2542 813 2592 Petrus³⁸
834 2545 1041 2602 nomine,
1057 2546 1139 2611 qui
1162 2546 1319 2594 nescio
1337 2562 1432 2610 quo
1457 2545 1616 2610 spiritu
1640 2543 1799 2592 futura
1822 2542 2096 2607 praedicens,
2121 2540 2203 2606 ipfi
2221 2542 2322 2606 regi

388 2619 565 2685 Anglie
590 2623 917 2672 crudelitatem
947 2626 1079 2673 suam
1111 2625 1329 2673 adversus
1361 2623 1606 2673 ecclefiam
1631 2623 1690 2671 de
1715 2623 1791 2670 die
1816 2623 1863 2670 in
1888 2622 2013 2669 diem
2036 2621 2322 2685 impropera-

385 2699 482 2754 bat,
508 2707 555 2748 et
579 2702 709 2765 quod
732 2702 779 2750 in
803 2704 1015 2768 proximo
1039 2704 1267 2753 honorem
1290 2704 1422 2769 regni
1447 2711 1494 2752 et
1517 2720 1690 2751 nomen
1722 2702 1904 2766 regium
1929 2700 2041 2748 effet
2065 2699 2321 2754 amiffurus,

384 2795 543 2827 coram
573 2781 697 2828 facie
733 2782 815 2829 sua
839 2782 1135 2839 clamitabat3
1172 2783 1302 2848 quod
1332 2783 1524 2848 quidem
1559 2783 1606 2830 in
1641 2798 1817 2846 magna
1852 2787 1985 2845 parte
2020 2778 2318 2843 postmodum

384 2858 540 2906 evenit
564 2867 616 2907 ut
640 2861 839 2925 sequens
865 2878 1094 2910 annorum
1117 2863 1257 2910 series
1282 2861 1555 2910 declarabit.

452 2937 594 2986 Anno
618 2956 734 2988 M.cc
753 2940 848 3006 xiij.
875 2940 991 2989 obiit
1012 2940 1270 2990 Reinaldus
1289 2941 1534 3006 episcopus
1554 2938 1782 2994 Rosenfis,
1799 2937 2039 3003 quondam
2062 2936 2320 2985 monachus

386 3016 696 3074 Melrosenfis,
732 3020 830 3085 ipso
855 3020 932 3069 die
955 3021 1118 3070 sancte
1146 3020 1296 3069 Lucie
1331 3019 1476 3085 [Dec.
1508 3018 1608 3084 13]‚
1641 3018 1744 3083 post
1776 3017 1910 3082 cujus
1934 3016 2114 3065 obitum
2138 3016 2319 3065 electus

430 3180 463 3196 ¹¹
484 3182 635 3224 Fordun,
654 3183 689 3219 ii.
712 3186 766 3218 18.
890 3184 970 3229 (34)
988 3183 1003 3198 “
1021 3183 1100 3220 The
1117 3184 1181 3220 Sth
1194 3183 1237 3220 of
1250 3184 1374 3220 March
1390 3196 1461 3220 was
1478 3190 1542 3219 not
1558 3183 1719 3219 mid-lent
1738 3183 1891 3230 Sunday,
1906 3183 1943 3218 in
1959 3182 2021 3218 the
2032 3194 2115 3230 year
2135 3184 2244 3223 1212;
2263 3193 2322 3218 see

381 3236 456 3272 also
469 3237 528 3273 M.
543 3239 653 3280 Paris,
674 3250 709 3285 p.
732 3241 811 3274 161.
921 3238 954 3253 ⁸¹
977 3240 1195 3287 Concerning
1210 3240 1280 3276 this
1299 3240 1415 3282 Peter,
1434 3251 1494 3276 see
1506 3239 1565 3275 Μ’.
1583 3240 1694 3282 Paris,
1714 3251 1774 3288 pp.
1792 3242 1870 3282 161,
1893 3241 1970 3280 168,
1990 3241 2067 3275 165.
2182 3237 2234 3253 ⁸¹⁸
2255 3238 2322 3274 See

383 3292 573 3340 Knyghtou,
593 3294 660 3330 col.
680 3296 774 3330 2424
785 3309 795 3335 3
823 3295 975 3337 Fordun,
995 3295 1029 3331 ii.
1049 3298 1083 3331 8.

877 3373 906 3404 Ρ
