2904 3886
425 481 723 531 A.D.1268.
880 478 1306 530 CHRONICA
1350 478 1451 527 DE
1498 477 1887 528 MAILROS.
2259 485 2351 528 201

419 623 524 672 liter
542 622 787 688 egrefl'um,
811 639 872 671 ne
895 623 1017 672 forte
1034 621 1069 671 fi
1092 621 1314 671 evaderet
1332 620 1392 670 de
1411 620 1536 670 bello
1556 628 1604 669 et
1626 620 1796 671 iterum
1819 628 2055 686 regnaret,
2073 621 2243 670 iterato
2262 622 2354 670 for-

420 702 533 751 tass'e
558 703 853 768 recolligeret
877 702 1055 751 alienos
1080 708 1243 750 contra
1266 701 1530 767 indigenas,
1555 707 1603 749 et
1625 700 1758 749 fieret
1781 699 2045 749 noviffimus
2069 717 2194 749 error
2223 700 2355 765 pejor

418 783 588 847 priore.
647 782 848 831 Videtur
872 798 986 847 ergo
1009 781 1139 846 quod
1162 780 1363 830 barones
1388 780 1632 830 voluerunt
1648 790 1819 845 'regem
1842 779 2016 828 debere
2040 780 2157 828 mori
2180 781 2355 836 secum,

418 860 452 909 fi
475 861 558 926 ipfi
581 861 843 910 debuiffent
873 861 990 909 mori
1021 861 1069 907 in
1100 859 1225 908 bello
1255 860 1303 907 in
1335 876 1431 924 quo
1462 875 1545 907 rex
1575 866 1692 914 erat,
1725 857 1898 907 crebris
1929 859 2116 907 suorum
2147 858 2355 907 fidelium

417 941 593 990 cedens
616 940 828 1006 preduris
851 939 1041 994 ictibus,
1060 939 1328 1004 incognitus
1351 938 1570 985 nimirum
1594 937 1654 986 ab
1673 938 1777 986 illis.
1831 938 1927 994 Qui
1945 938 2155 986 nondum
2179 938 2356 986 valeret

418 1037 631 1085 pugnare
651 1036 759 1068 cum
784 1019 966 1074 ceteris,
985 1017 1206 1082 qualibus
1229 1016 1423 1065 vocibus
1447 1016 1593 1064 valuit
1617 1016 1854 1071 clamavit,
1875 1016 2052 1072 dicens,
2078 1026 2107 1046 “
2127 1032 2220 1082 ego
2239 1018 2354 1072 sum,

420 1098 656 1147 Henricus
679 1115 824 1146 senex
846 1114 929 1145 rex
956 1096 1188 1161 Anglie;”
1217 1095 1472 1160 aliquando
1505 1112 1589 1160 per
1621 1104 1651 1124 “
1670 1095 1898 1159 pietatem
1925 1096 2069 1151 Dei,’'
2097 1097 2353 1162 aliquando

417 1195 500 1242 per
524 1187 555 1208 ‘⁶
572 1177 728 1242 capud
748 1177 885 1224 Dei”
906 1176 1088 1241 jurans,
1108 1182 1155 1222 et
1180 1174 1381 1222 afferens
1400 1174 1529 1239 quod
1553 1174 1649 1238 ipse
1669 1173 1782 1222 effet
1806 1191 1909 1230 rex;
1934 1175 2060 1223 unde
2080 1176 2145 1223 ait
2170 1177 2230 1223 ad
2254 1193 2356 1241 per-

416 1257 648 1306 cutientes
665 1257 729 1311 se,
754 1264 784 1284 “
803 1255 948 1303 nolite
967 1271 1043 1302 me
1061 1254 1217 1309 ferire,
1235 1270 1331 1302 non
1357 1254 1484 1302 enim
1507 1251 1688 1318 pofl'um
1712 1270 1927 1318 pugnare
1951 1270 2034 1319 pre
2059 1255 2352 1303 senectute?

415 1336 744 1384 Juramentum
768 1351 960 1400 quoque
985 1350 1235 1382 commune
1259 1340 1361 1381 erat
1385 1333 1430 1381 ei
1447 1333 1607 1398 jurare
1631 1350 1715 1398 per
1739 1332 1853 1380 talia
1871 1333 2157 1398 juramenta.
2215 1334 2355 1382 Unde

414 1416 598 1466 factum
622 1415 690 1463 est
717 1423 769 1462 ut
801 1414 913 1462 dum
933 1415 1213 1478 'frequenter
1236 1412 1394 1460 taliter
1420 1412 1565 1477 jurat,
1591 1411 1852 1460 detrahitur
1885 1412 1928 1460 ei
1960 1413 2103 1477 galea
2132 1431 2159 1461 a
2184 1414 2355 1478 capite,

416 1504 463 1544 et
488 1502 729 1560 comperto
754 1511 836 1559 per
859 1494 1033 1541 faciem
1057 1492 1186 1557 quod
1214 1492 1311 1556 ipse
1335 1491 1448 1540 effet
1472 1508 1570 1547 rex,
1603 1492 1805 1540 eductus
1830 1492 1919 1539 fuit
1944 1499 2075 1540 extra
2099 1494 2356 1542 exercitum

415 1575 736 1640 pereuntium;
772 1573 1119 1636 restituiturque
1155 1571 1232 1619 die
1268 1571 1467 1619 crastino
1502 1588 1651 1636 regno
1687 1572 1785 1626 suo,
1824 1572 1885 1619 ad
1920 1579 2030 1619 vota
2060 1572 2354 1621 inimicorum

424 1653 628 1702 Simonis
653 1661 700 1701 et
723 1651 955 1700 baronum
978 1658 1344 1716 peremptorum.
1417 1649 1480 1698 Et
1504 1650 1688 1699 factum
1714 1650 1781 1698 est
1804 1650 1906 1715 post
1930 1667 2108 1715 paucos
2132 1650 2355 1699 ebdoma-

416 1734 502 1782 das
521 1741 572 1781 ut
590 1749 671 1780 rex
690 1732 802 1779 dum
820 1731 1010 1779 cederet
1027 1730 1224 1795 propriis
1244 1730 1442 1778 confiliis
1461 1737 1507 1778 et
1523 1729 1819 1794 quorundam
1838 1747 2099 1794 procerum,
2118 1732 2355 1796 propriam

417 1814 619 1861 sororem
649 1811 854 1860 Simonis
878 1827 1073 1858 uxorem
1096 1826 1204 1857 cum
1228 1809 1324 1857 filia
1348 1810 1430 1857 sua
1454 1809 1609 1864 unica,
1639 1809 1897 1874 juvencula
1927 1810 2234 1873 pulcherima,
2259 1828 2353 1876 que

417 1893 580 1957 postea
602 1890 755 1956 nupfit
785 1890 982 1955 principi
1005 1889 1196 1944 Wallie,
1215 1888 1537 1954 proscriberet,
1563 1889 1736 1953 pariter
1760 1896 1808 1937 et
1832 1896 1926 1937 tres
1948 1889 2068 1937 filios
2092 1890 2194 1954 ejus
2217 1898 2353 1939 natos

423 1971 628 2019 Simonis
652 1971 712 2018 de
736 1969 907 2017 finibus
931 1969 1065 2034 regni
1089 1968 1173 2016 sui.
1246 1967 1441 2016 Mortuo
1466 1968 1627 2032 itaque
1658 1968 1851 2016 Simone
1877 1984 1985 2016 curn
2011 1968 2222 2034 Hugone
2250 1969 2354 2019 Dis-

415 2051 662 2116 pensatore
687 2057 734 2097 et
763 2049 865 2097 aliis
888 2047 1125 2097 nobilibus
1155 2055 1293 2102 terre,
1316 2047 1368 2094 fit
1401 2047 1622 2112 planctus
1653 2064 1856 2112 magnus
1879 2047 1926 2095 in
1957 2048 2133 2112 populo
2161 2047 2353 2114 Anglie,

416 2129 589 2194 quibus
613 2127 911 2194 postmodum
934 2125 1142 2174 succedit
1171 2126 1312 2174 causa
1344 2126 1548 2191 ingentis
1571 2125 1735 2181 letitie,
1761 2126 1872 2174 dum
1898 2126 1957 2174 de
1980 2135 2131 2175 morte
2155 2129 2356 2192 pretiosa

415 2208 686 2258 sanctorum
709 2207 913 2255 virorum
936 2206 1095 2254 fantur
1121 2205 1215 2253 Dei
1247 2204 1504 2270 magnalia.
1577 2205 1719 2252 Plura
1750 2206 1875 2253 enim
1898 2204 2030 2271 figna
2053 2223 2162 2254 vere
2186 2207 2354 2256 sancti-

415 2289 526 2336 tatis
548 2288 662 2336 fecit
682 2287 817 2335 Deus
841 2302 924 2351 per
945 2284 1221 2350 Hugonem,
1247 2284 1361 2332 dum
1379 2284 1622 2332 venientes
1648 2284 1708 2332 ad
1733 2284 1835 2349 ejus
1858 2285 2091 2333 tumulum
2116 2286 2216 2334 ceci
2240 2287 2353 2335 reci-

415 2368 550 2431 piunt
573 2367 735 2420 visum,
761 2365 917 2413 claudi
949 2364 1134 2412 rectum
1165 2362 1384 2428 grefl'um,
1409 2371 1457 2411 et
1482 2364 1575 2411 alia
1599 2380 1789 2428 queque
1822 2380 1933 2411 vere
1966 2364 2098 2412 recta
2126 2366 2352 2413 miracula

415 2445 528 2494 fecit
548 2445 683 2493 Deus
706 2460 791 2508 pro
815 2443 913 2507 ipso
938 2459 1139 2507 quorum
1162 2442 1495 2491 rectitudinem
1514 2443 1610 2506 ipse
1634 2443 1890 2506 promeruit
1909 2460 1937 2490 a
1958 2443 2082 2498 Deo,
2108 2445 2220 2508 quia
2243 2462 2351 2493 vere

407 2524 575 2572 vrectus
599 2530 699 2570 erat
721 2512 919 2586 semper,
939 2527 1170 2586 quantum
1193 2521 1241 2568 in
1264 2521 1362 2585 ipso
1387 2528 1504 2576 erat,
1530 2521 1654 2569 circa
1677 2521 2010 2570 rectitudinem
2028 2522 2258 2586 justorum
2275 2524 2350 2588 ju-

416 2603 645 2651 diciorum
664 2602 759 2649 Dei
784 2608 831 2649 et
853 2600 1098 2648 hominum
1122 2617 1150 2647 a
1173 2616 1374 2664 quorum
1391 2600 1589 2647 veritate
1607 2615 1878 2664 nuncquam
1898 2600 2044 2648 voluit
2064 2601 2276 2658 deflecti3
2302 2612 2349 2651 et

415 2682 524 2730 ideo
548 2681 766 2728 nimirum
791 2680 931 2727 Dejus
955 2685 1175 2744 operatus
1199 2678 1266 2726 est
1290 2694 1374 2743 pro
1398 2678 1512 2743 ipso,
1531 2686 1583 2726 ut
1607 2678 1788 2727 dictum
1813 2678 1895 2734 est,
1919 2679 2022 2743 post
2045 2689 2244 2730 mortem
2268 2683 2349 2730 sua

416 2761 549 2809 recta
573 2775 763 2824 queque
787 2757 959 2813 divina,
985 2757 1098 2821 quia
1127 2756 1302 2805 lineam
1333 2756 1627 2806 rectitudinis
1655 2758 1837 2822 semper
1868 2758 2020 2806 tenuit
2043 2759 2091 2807 in
2116 2760 2211 2808 vita
2236 2770 2346 2811 ante

412 2846 627 2888 mortem.

485 2918 583 2967 Sed
617 2917 826 2982 nucquid
861 2917 1159 2981 omnipotens
1198 2916 1338 2965 Deus
1355 2916 1620 2981 dereliquit
1661 2917 1903 2965 Simonem
1942 2917 2037 2966 fine
2077 2918 2343 2968 miraculis?

415 2997 552 3046 Non!
589 3003 636 3045 et
660 2996 822 3044 itcirco
847 2995 1138 3044 deducamus
1163 2995 1224 3043 ad
1247 2995 1456 3043 medium
1479 2995 1631 3043 saltim
1655 3012 1808 3060 pauca
1838 2996 2094 3044 miraculah
2125 2997 2345 3047 divinitus

412 3094 416 3099 '
473 3097 492 3118 ¹¹
521 3097 600 3133 The
624 3096 781 3132 miracles
806 3096 963 3132 ascribed
986 3102 1025 3131 to
1045 3096 1165 3132 Simon
1181 3095 1226 3131 de
1247 3095 1419 3132 Montfort
1444 3095 1535 3131 have
1559 3097 1650 3131 been
1675 3097 1846 3132 collected
1869 3098 1916 3143 by
1939 3109 2037 3132 some
2062 3097 2209 3134 admirer
2233 3099 2275 3135 of
2294 3100 2347 3135 his

410 3153 571 3200 sanctity‚
592 3153 662 3188 and
677 3165 699 3188 a
715 3164 805 3199 copy
821 3151 863 3187 of
872 3152 969 3187 them
985 3151 1014 3186 is
1030 3151 1228 3197 preserved,
1241 3151 1277 3186 in
1293 3151 1356 3187 the
1376 3152 1566 3187 Cottonian
1586 3152 1666 3188 MS.
1695 3153 1825 3198 Veepas.
1849 3152 1894 3187 A.
1914 3153 1960 3188 vi.
1977 3152 2038 3188 sol.
2061 3156 2139 3189 168.
2199 3155 2346 3202 Tyr-rell,

410 3210 447 3243 in
471 3209 526 3244 his
545 3208 690 3255 History
707 3208 749 3244 of
762 3207 932 3254 England,
959 3206 1066 3243 refers
1090 3213 1129 3243 to
1153 3206 1249 3243 what
1274 3219 1421 3254 appears
1445 3213 1484 3242 to
1508 3208 1552 3243 be
1578 3207 1726 3242 another
1754 3207 1833 3243 MS.
1860 3207 1896 3242 in
1921 3207 1982 3243 the
2002 3208 2125 3244 Public
2144 3209 2290 3257 Library
2313 3218 2349 3246 at

415 3264 632 3310 Cambridge.
2341 3295 2344 3298 Α

903 3327 986 3371 20
