<?xml version="1.0" encoding="UTF-8"?>
<!DOCTYPE html PUBLIC "-//W3C//DTD XHTML 1.0 Transitional//EN"
    "http://www.w3.org/TR/xhtml1/DTD/xhtml1-transitional.dtd">
<html xmlns="http://www.w3.org/1999/xhtml" xml:lang="en" lang="en">
 <head>
  <title>
</title>
<meta http-equiv="Content-Type" content="text/html;charset=utf-8" />
  <meta name='ocr-system' content='tesseract 3.04.00' />
  <meta name='ocr-capabilities' content='ocr_page ocr_carea ocr_par ocr_line ocrx_word'/>
</head>
<body>
  <div class='ocr_page' id='page_1' title='image "./chronicdemailros00melruoft_0138.png"; bbox 0 0 2852 3874; ppageno 0'>
   <div class='ocr_carea' id='block_1_1' title="bbox 576 548 2494 609">
    <p class='ocr_par' dir='ltr' id='par_1_1' title="bbox 576 548 2494 609">
     <span class='ocr_line' id='line_1_1' title="bbox 576 548 2494 609; baseline -0.002 -4"><span class='ocrx_word' id='word_1_1' title='bbox 576 559 667 605; x_wconf 86' lang='lat'>104</span> <span class='ocrx_word' id='word_1_2' title='bbox 1033 550 1454 602; x_wconf 90' lang='lat' dir='ltr'>CHRONICA</span> <span class='ocrx_word' id='word_1_3' title='bbox 1498 549 1599 600; x_wconf 92' lang='lat' dir='ltr'>DE</span> <span class='ocrx_word' id='word_1_4' title='bbox 1644 548 2033 600; x_wconf 89' lang='lat' dir='ltr'>MAILROS.</span> <span class='ocrx_word' id='word_1_5' title='bbox 2180 552 2312 602; x_wconf 91' lang='lat' dir='ltr'>A.D.</span> <span class='ocrx_word' id='word_1_6' title='bbox 2354 557 2494 609; x_wconf 90' lang='lat'>1199.</span> 
     </span>
    </p>
   </div>
   <div class='ocr_carea' id='block_1_2' title="bbox 566 688 2500 1531">
    <p class='ocr_par' dir='ltr' id='par_1_2' title="bbox 639 688 1904 757">
     <span class='ocr_line' id='line_1_2' title="bbox 639 688 1904 757; baseline -0.005 -14"><span class='ocrx_word' id='word_1_7' title='bbox 639 694 771 743; x_wconf 89' lang='lat' dir='ltr'><strong>Obiit</strong></span> <span class='ocrx_word' id='word_1_8' title='bbox 797 692 943 757; x_wconf 90' lang='lat' dir='ltr'>Hugo</span> <span class='ocrx_word' id='word_1_9' title='bbox 968 691 1274 740; x_wconf 90' lang='lat' dir='ltr'>cancellarius</span> <span class='ocrx_word' id='word_1_10' title='bbox 1297 690 1358 755; x_wconf 88' lang='lat' dir='ltr'>vj.</span> <span class='ocrx_word' id='word_1_11' title='bbox 1384 689 1489 738; x_wconf 89' lang='lat' dir='ltr'>idus</span> <span class='ocrx_word' id='word_1_12' title='bbox 1512 688 1625 738; x_wconf 89' lang='lat' dir='ltr'>Julii</span> <span class='ocrx_word' id='word_1_13' title='bbox 1654 688 1771 754; x_wconf 90' lang='lat' dir='ltr'>[Jul.</span> <span class='ocrx_word' id='word_1_14' title='bbox 1803 688 1904 754; x_wconf 88' lang='lat'>10].</span> 
     </span>
    </p>

    <p class='ocr_par' dir='ltr' id='par_1_3' title="bbox 566 767 2500 1230">
     <span class='ocr_line' id='line_1_3' title="bbox 638 767 2497 837; baseline -0.001 -16"><span class='ocrx_word' id='word_1_15' title='bbox 638 772 770 822; x_wconf 89' lang='lat' dir='ltr'><strong>Obiit</strong></span> <span class='ocrx_word' id='word_1_16' title='bbox 795 770 1018 819; x_wconf 87' lang='lat' dir='ltr'>Matheus</span> <span class='ocrx_word' id='word_1_17' title='bbox 1042 770 1285 834; x_wconf 88' lang='lat' dir='ltr'>episcopus</span> <span class='ocrx_word' id='word_1_18' title='bbox 1309 768 1369 817; x_wconf 93' lang='lat' dir='ltr'>de</span> <span class='ocrx_word' id='word_1_19' title='bbox 1395 767 1621 817; x_wconf 91' lang='lat' dir='ltr'>Aberden</span> <span class='ocrx_word' id='word_1_20' title='bbox 1644 767 1741 833; x_wconf 85' lang='lat' dir='ltr'>xiij.</span> <span class='ocrx_word' id='word_1_21' title='bbox 1766 767 1996 829; x_wconf 83' lang='lat' dir='ltr'><strong>kalendas</strong></span> <span class='ocrx_word' id='word_1_22' title='bbox 2025 767 2316 834; x_wconf 84' lang='lat' dir='ltr'><strong>Septembris</strong></span> <span class='ocrx_word' id='word_1_23' title='bbox 2344 768 2497 837; x_wconf 82' lang='lat' dir='ltr'>[Aug.</span> 
     </span>
     <span class='ocr_line' id='line_1_4' title="bbox 570 850 2500 993; baseline 0.001 -17"><span class='ocrx_word' id='word_1_24' title='bbox 570 850 901 977; x_wconf 53' lang='lat' dir='ltr'>20:ilVillelmus</span> <span class='ocrx_word' id='word_1_25' title='bbox 942 926 1259 976; x_wconf 89' lang='lat' dir='ltr'>Maleuicinus</span> <span class='ocrx_word' id='word_1_26' title='bbox 1298 926 1456 975; x_wconf 67' lang='lat' dir='ltr'>factus</span> <span class='ocrx_word' id='word_1_27' title='bbox 1496 925 1564 975; x_wconf 88' lang='lat' dir='ltr'>est</span> <span class='ocrx_word' id='word_1_28' title='bbox 1603 926 1926 982; x_wconf 87' lang='lat' dir='ltr'>cancellarius,</span> <span class='ocrx_word' id='word_1_29' title='bbox 1967 926 2029 992; x_wconf 88' lang='lat' dir='ltr'>vj.</span> <span class='ocrx_word' id='word_1_30' title='bbox 2065 925 2170 975; x_wconf 89' lang='lat' dir='ltr'>idus</span> <span class='ocrx_word' id='word_1_31' title='bbox 2209 926 2500 993; x_wconf 85' lang='lat' dir='ltr'>Septembris</span> 
     </span>
     <span class='ocr_line' id='line_1_5' title="bbox 571 1006 2500 1150; baseline 0.001 -16"><span class='ocrx_word' id='word_1_32' title='bbox 571 1006 921 1134; x_wconf 38' lang='lat' dir='ltr'>[Sffnnffliaaec.</span> <span class='ocrx_word' id='word_1_33' title='bbox 947 1085 1179 1150; x_wconf 92' lang='lat' dir='ltr'>dompnus</span> <span class='ocrx_word' id='word_1_34' title='bbox 1198 1084 1464 1133; x_wconf 90' lang='lat' dir='ltr'>Willelmus</span> <span class='ocrx_word' id='word_1_35' title='bbox 1481 1083 1702 1150; x_wconf 88' lang='lat' dir='ltr'>magister</span> <span class='ocrx_word' id='word_1_36' title='bbox 1721 1085 2046 1134; x_wconf 90' lang='lat' dir='ltr'>conversorum</span> <span class='ocrx_word' id='word_1_37' title='bbox 2064 1084 2123 1134; x_wconf 93' lang='lat' dir='ltr'>de</span> <span class='ocrx_word' id='word_1_38' title='bbox 2143 1085 2324 1135; x_wconf 87' lang='lat' dir='ltr'>Melros</span> <span class='ocrx_word' id='word_1_39' title='bbox 2341 1085 2500 1136; x_wconf 69' lang='lat' dir='ltr'>factus</span> 
     </span>
     <span class='ocr_line' id='line_1_6' title="bbox 566 1163 2090 1230; baseline -0.001 -15"><span class='ocrx_word' id='word_1_40' title='bbox 566 1165 633 1214; x_wconf 87' lang='lat' dir='ltr'>est</span> <span class='ocrx_word' id='word_1_41' title='bbox 656 1165 804 1215; x_wconf 89' lang='lat' dir='ltr'>abbas</span> <span class='ocrx_word' id='word_1_42' title='bbox 828 1165 887 1214; x_wconf 93' lang='lat' dir='ltr'>de</span> <span class='ocrx_word' id='word_1_43' title='bbox 916 1163 1125 1230; x_wconf 78' lang='lat' dir='ltr'>Cupro‚*</span> <span class='ocrx_word' id='word_1_44' title='bbox 1151 1164 1277 1229; x_wconf 89' lang='lat' dir='ltr'>xviij.</span> <span class='ocrx_word' id='word_1_45' title='bbox 1303 1163 1531 1212; x_wconf 83' lang='lat' dir='ltr'>kalendas</span> <span class='ocrx_word' id='word_1_46' title='bbox 1557 1163 1800 1212; x_wconf 84' lang='lat' dir='ltr'>Februarii</span> <span class='ocrx_word' id='word_1_47' title='bbox 1829 1163 1959 1229; x_wconf 91' lang='lat' dir='ltr'>[Jan.</span> <span class='ocrx_word' id='word_1_48' title='bbox 1991 1163 2090 1229; x_wconf 88' lang='lat'>15].</span> 
     </span>
    </p>

    <p class='ocr_par' dir='ltr' id='par_1_4' title="bbox 636 1241 1968 1308">
     <span class='ocr_line' id='line_1_7' title="bbox 636 1241 1968 1308; baseline -0.002 -15"><span class='ocrx_word' id='word_1_49' title='bbox 636 1244 946 1294; x_wconf 88' lang='lat' dir='ltr'>Consecratus</span> <span class='ocrx_word' id='word_1_50' title='bbox 970 1243 1037 1291; x_wconf 89' lang='lat' dir='ltr'>est</span> <span class='ocrx_word' id='word_1_51' title='bbox 1061 1243 1293 1308; x_wconf 90' lang='lat' dir='ltr'>dompnus</span> <span class='ocrx_word' id='word_1_52' title='bbox 1320 1242 1586 1291; x_wconf 89' lang='lat' dir='ltr'>Willelmus</span> <span class='ocrx_word' id='word_1_53' title='bbox 1610 1241 1968 1291; x_wconf 77' lang='lat' dir='ltr'>Maleuicinus.k</span> 
     </span>
    </p>

    <p class='ocr_par' dir='ltr' id='par_1_5' title="bbox 566 1321 2499 1531">
     <span class='ocr_line' id='line_1_8' title="bbox 634 1321 2498 1388; baseline 0.001 -16"><span class='ocrx_word' id='word_1_54' title='bbox 634 1323 775 1372; x_wconf 90' lang='lat' dir='ltr'>Anno</span> <span class='ocrx_word' id='word_1_55' title='bbox 799 1323 963 1388; x_wconf 82' lang='lat' dir='ltr'>M.cc.j.</span> <span class='ocrx_word' id='word_1_56' title='bbox 990 1322 1221 1387; x_wconf 89' lang='lat' dir='ltr'>dompnus</span> <span class='ocrx_word' id='word_1_57' title='bbox 1247 1321 1443 1387; x_wconf 85' lang='lat' dir='ltr'>Hug0‚†</span> <span class='ocrx_word' id='word_1_58' title='bbox 1469 1321 1616 1370; x_wconf 89' lang='lat' dir='ltr'>abbas</span> <span class='ocrx_word' id='word_1_59' title='bbox 1640 1321 1699 1370; x_wconf 92' lang='lat' dir='ltr'>de</span> <span class='ocrx_word' id='word_1_60' title='bbox 1725 1321 1972 1378; x_wconf 87' lang='lat' dir='ltr'>Neubotil,</span> <span class='ocrx_word' id='word_1_61' title='bbox 1998 1338 2105 1371; x_wconf 92' lang='lat' dir='ltr'>cum</span> <span class='ocrx_word' id='word_1_62' title='bbox 2128 1321 2393 1372; x_wconf 91' lang='lat' dir='ltr'>humilitate</span> <span class='ocrx_word' id='word_1_63' title='bbox 2416 1325 2498 1373; x_wconf 88' lang='lat' dir='ltr'>suo</span> 
     </span>
     <span class='ocr_line' id='line_1_9' title="bbox 567 1399 2499 1468; baseline 0 -16"><span class='ocrx_word' id='word_1_64' title='bbox 567 1402 693 1452; x_wconf 84' lang='lat' dir='ltr'>ceflit</span> <span class='ocrx_word' id='word_1_65' title='bbox 715 1403 885 1459; x_wconf 90' lang='lat' dir='ltr'>officio,</span> <span class='ocrx_word' id='word_1_66' title='bbox 910 1402 984 1451; x_wconf 92' lang='lat' dir='ltr'>cui</span> <span class='ocrx_word' id='word_1_67' title='bbox 1008 1401 1215 1450; x_wconf 89' lang='lat' dir='ltr'>succeffit</span> <span class='ocrx_word' id='word_1_68' title='bbox 1238 1401 1470 1466; x_wconf 92' lang='lat' dir='ltr'>dompnus</span> <span class='ocrx_word' id='word_1_69' title='bbox 1497 1399 1655 1448; x_wconf 90' lang='lat' dir='ltr'>Adam</span> <span class='ocrx_word' id='word_1_70' title='bbox 1685 1400 1906 1466; x_wconf 85' lang='lat' dir='ltr'>magister</span> <span class='ocrx_word' id='word_1_71' title='bbox 1934 1402 2259 1450; x_wconf 91' lang='lat' dir='ltr'>conversorum</span> <span class='ocrx_word' id='word_1_72' title='bbox 2290 1401 2499 1468; x_wconf 87' lang='lat' dir='ltr'>ejusdem</span> 
     </span>
     <span class='ocr_line' id='line_1_10' title="bbox 566 1482 672 1531; baseline 0.009 -2"><span class='ocrx_word' id='word_1_73' title='bbox 566 1482 672 1531; x_wconf 90' lang='lat' dir='ltr'>loci.</span> 
     </span>
    </p>
   </div>
   <div class='ocr_carea' id='block_1_3' title="bbox 2589 1335 2724 1373">
    <p class='ocr_par' dir='ltr' id='par_1_6' title="bbox 2589 1335 2724 1373">
     <span class='ocr_line' id='line_1_11' title="bbox 2589 1335 2724 1373; baseline 0.022 -3"><span class='ocrx_word' id='word_1_74' title='bbox 2589 1335 2648 1372; x_wconf 86' lang='lat' dir='ltr'>fol.</span> <span class='ocrx_word' id='word_1_75' title='bbox 2665 1338 2724 1373; x_wconf 86' lang='lat'>26.</span> 
     </span>
    </p>
   </div>
   <div class='ocr_carea' id='block_1_4' title="bbox 632 1557 2591 1629">
    <p class='ocr_par' dir='ltr' id='par_1_7' title="bbox 632 1557 2591 1629">
     <span class='ocr_line' id='line_1_12' title="bbox 632 1557 2591 1629; baseline -0.001 -19"><span class='ocrx_word' id='word_1_76' title='bbox 632 1561 889 1626; x_wconf 90' lang='lat' dir='ltr'>Magnates</span> <span class='ocrx_word' id='word_1_77' title='bbox 923 1568 1043 1608; x_wconf 91' lang='lat' dir='ltr'>terre</span> <span class='ocrx_word' id='word_1_78' title='bbox 1072 1559 1347 1624; x_wconf 89' lang='lat' dir='ltr'>juraverunt</span> <span class='ocrx_word' id='word_1_79' title='bbox 1380 1557 1657 1606; x_wconf 91' lang='lat' dir='ltr'>fidelitatem</span> <span class='ocrx_word' id='word_1_80' title='bbox 1683 1557 1956 1606; x_wconf 86' lang='lat' dir='ltr'>Alexandro</span> <span class='ocrx_word' id='word_1_81' title='bbox 1989 1558 2084 1606; x_wconf 90' lang='lat' dir='ltr'>filio</span> <span class='ocrx_word' id='word_1_82' title='bbox 2108 1559 2250 1624; x_wconf 89' lang='lat' dir='ltr'>regis,</span> <span class='ocrx_word' id='word_1_83' title='bbox 2274 1559 2356 1624; x_wconf 88' lang='lat' dir='ltr'>iiij.</span> <span class='ocrx_word' id='word_1_84' title='bbox 2394 1559 2499 1609; x_wconf 91' lang='lat' dir='ltr'>idus</span> <span class='ocrx_word' id='word_1_85' title='bbox 2588 1628 2591 1629; x_wconf 8' lang='grc' dir='ltr'><em>γ</em></span> 
     </span>
    </p>
   </div>
   <div class='ocr_carea' id='block_1_5' title="bbox 564 1636 2499 2970">
    <p class='ocr_par' dir='ltr' id='par_1_8' title="bbox 568 1636 1612 1703">
     <span class='ocr_line' id='line_1_13' title="bbox 568 1636 1612 1703; baseline -0.004 -15"><span class='ocrx_word' id='word_1_86' title='bbox 568 1639 790 1688; x_wconf 68' lang='lat' dir='ltr'>Octobris</span> <span class='ocrx_word' id='word_1_87' title='bbox 818 1639 951 1703; x_wconf 90' lang='lat' dir='ltr'>[Oct.</span> <span class='ocrx_word' id='word_1_88' title='bbox 983 1638 1062 1702; x_wconf 85' lang='lat'>12]</span> <span class='ocrx_word' id='word_1_89' title='bbox 1091 1637 1217 1702; x_wconf 92' lang='lat' dir='ltr'>apud</span> <span class='ocrx_word' id='word_1_90' title='bbox 1243 1636 1612 1702; x_wconf 85' lang='lat' dir='ltr'>Muchselburg.¹</span> 
     </span>
    </p>

    <p class='ocr_par' dir='ltr' id='par_1_9' title="bbox 566 1715 2499 1860">
     <span class='ocr_line' id='line_1_14' title="bbox 630 1715 2499 1783; baseline -0.001 -16"><span class='ocrx_word' id='word_1_91' title='bbox 630 1718 871 1767; x_wconf 91' lang='lat' dir='ltr'>Johannes</span> <span class='ocrx_word' id='word_1_92' title='bbox 896 1717 956 1766; x_wconf 91' lang='lat' dir='ltr'>de</span> <span class='ocrx_word' id='word_1_93' title='bbox 985 1716 1180 1765; x_wconf 85' lang='lat' dir='ltr'>Salerno</span> <span class='ocrx_word' id='word_1_94' title='bbox 1212 1715 1447 1781; x_wconf 73' lang='lat' dir='ltr'>prelbyter</span> <span class='ocrx_word' id='word_1_95' title='bbox 1472 1715 1721 1763; x_wconf 89' lang='lat' dir='ltr'>cardinalis</span> <span class='ocrx_word' id='word_1_96' title='bbox 1751 1716 1903 1764; x_wconf 91' lang='lat' dir='ltr'>tenuit</span> <span class='ocrx_word' id='word_1_97' title='bbox 1935 1715 2175 1765; x_wconf 91' lang='lat' dir='ltr'>confilium</span> <span class='ocrx_word' id='word_1_98' title='bbox 2206 1717 2340 1766; x_wconf 90' lang='lat' dir='ltr'>suum</span> <span class='ocrx_word' id='word_1_99' title='bbox 2371 1718 2499 1783; x_wconf 90' lang='lat' dir='ltr'>apud</span> 
     </span>
     <span class='ocr_line' id='line_1_15' title="bbox 566 1793 1800 1860; baseline -0.003 -15"><span class='ocrx_word' id='word_1_100' title='bbox 566 1797 709 1846; x_wconf 89' lang='lat' dir='ltr'>Perth</span> <span class='ocrx_word' id='word_1_101' title='bbox 732 1796 1002 1860; x_wconf 90' lang='lat' dir='ltr'>ibidemque</span> <span class='ocrx_word' id='word_1_102' title='bbox 1025 1795 1173 1843; x_wconf 90' lang='lat' dir='ltr'>multa</span> <span class='ocrx_word' id='word_1_103' title='bbox 1198 1794 1435 1843; x_wconf 87' lang='lat' dir='ltr'>constituit</span> <span class='ocrx_word' id='word_1_104' title='bbox 1459 1793 1800 1842; x_wconf 87' lang='lat' dir='ltr'>observanda.m</span> 
     </span>
    </p>

    <p class='ocr_par' dir='ltr' id='par_1_10' title="bbox 564 1872 2498 2019">
     <span class='ocr_line' id='line_1_16' title="bbox 631 1872 2498 1939; baseline 0 -15"><span class='ocrx_word' id='word_1_105' title='bbox 631 1876 773 1924; x_wconf 91' lang='lat' dir='ltr'>Anno</span> <span class='ocrx_word' id='word_1_106' title='bbox 796 1874 978 1939; x_wconf 83' lang='lat' dir='ltr'>M.cc.ij.</span> <span class='ocrx_word' id='word_1_107' title='bbox 1012 1874 1128 1922; x_wconf 91' lang='lat' dir='ltr'>obiit</span> <span class='ocrx_word' id='word_1_108' title='bbox 1151 1874 1227 1939; x_wconf 91' lang='lat' dir='ltr'>pie</span> <span class='ocrx_word' id='word_1_109' title='bbox 1251 1873 1475 1922; x_wconf 89' lang='lat' dir='ltr'>memorie</span> <span class='ocrx_word' id='word_1_110' title='bbox 1503 1872 1720 1939; x_wconf 86' lang='lat' dir='ltr'>Rogerus</span> <span class='ocrx_word' id='word_1_111' title='bbox 1744 1873 1988 1939; x_wconf 90' lang='lat' dir='ltr'>episcopus</span> <span class='ocrx_word' id='word_1_112' title='bbox 2012 1874 2160 1923; x_wconf 68' lang='lat' dir='ltr'>sancti</span> <span class='ocrx_word' id='word_1_113' title='bbox 2184 1874 2397 1932; x_wconf 87' lang='lat' dir='ltr'>Andree,</span> <span class='ocrx_word' id='word_1_114' title='bbox 2423 1877 2498 1924; x_wconf 92' lang='lat' dir='ltr'>cui</span> 
     </span>
     <span class='ocr_line' id='line_1_17' title="bbox 564 1952 2088 2019; baseline -0.001 -16"><span class='ocrx_word' id='word_1_115' title='bbox 564 1954 770 2003; x_wconf 84' lang='lat' dir='ltr'>succeflit</span> <span class='ocrx_word' id='word_1_116' title='bbox 794 1954 1037 2019; x_wconf 89' lang='lat' dir='ltr'>episcopus</span> <span class='ocrx_word' id='word_1_117' title='bbox 1064 1952 1366 2019; x_wconf 85' lang='lat' dir='ltr'>Glasguenfis</span> <span class='ocrx_word' id='word_1_118' title='bbox 1394 1952 1660 2000; x_wconf 91' lang='lat' dir='ltr'>Willelmus</span> <span class='ocrx_word' id='word_1_119' title='bbox 1686 1952 2088 2002; x_wconf 81' lang='lat' dir='ltr'>Maleuicinus.¹¹²¹²¹</span> 
     </span>
    </p>

    <p class='ocr_par' dir='ltr' id='par_1_11' title="bbox 565 2031 2498 2256">
     <span class='ocr_line' id='line_1_18' title="bbox 629 2031 2498 2098; baseline 0.001 -16"><span class='ocrx_word' id='word_1_120' title='bbox 629 2033 871 2082; x_wconf 89' lang='lat' dir='ltr'>Johannes</span> <span class='ocrx_word' id='word_1_121' title='bbox 896 2032 955 2080; x_wconf 88' lang='lat' dir='ltr'>de</span> <span class='ocrx_word' id='word_1_122' title='bbox 984 2032 1196 2087; x_wconf 86' lang='lat' dir='ltr'>Salerno,</span> <span class='ocrx_word' id='word_1_123' title='bbox 1223 2031 1474 2096; x_wconf 89' lang='lat' dir='ltr'>apostolice</span> <span class='ocrx_word' id='word_1_124' title='bbox 1498 2031 1618 2079; x_wconf 91' lang='lat' dir='ltr'>sedis</span> <span class='ocrx_word' id='word_1_125' title='bbox 1641 2031 1844 2097; x_wconf 83' lang='lat' dir='ltr'>legatuS,</span> <span class='ocrx_word' id='word_1_126' title='bbox 1869 2032 2112 2097; x_wconf 66' lang='lat' dir='ltr'>profectus</span> <span class='ocrx_word' id='word_1_127' title='bbox 2135 2033 2183 2080; x_wconf 94' lang='lat' dir='ltr'>in</span> <span class='ocrx_word' id='word_1_128' title='bbox 2203 2032 2498 2098; x_wconf 66' lang='lat' dir='ltr'>Hyberniam</span> 
     </span>
     <span class='ocr_line' id='line_1_19' title="bbox 565 2109 2496 2177; baseline 0.001 -18"><span class='ocrx_word' id='word_1_129' title='bbox 565 2113 821 2177; x_wconf 91' lang='lat' dir='ltr'>dompnum</span> <span class='ocrx_word' id='word_1_130' title='bbox 847 2110 1105 2159; x_wconf 89' lang='lat' dir='ltr'>Radulfum</span> <span class='ocrx_word' id='word_1_131' title='bbox 1129 2109 1351 2158; x_wconf 84' lang='lat' dir='ltr'>abbatem</span> <span class='ocrx_word' id='word_1_132' title='bbox 1375 2110 1434 2157; x_wconf 91' lang='lat' dir='ltr'>de</span> <span class='ocrx_word' id='word_1_133' title='bbox 1461 2109 1640 2158; x_wconf 89' lang='lat' dir='ltr'>Melros</span> <span class='ocrx_word' id='word_1_134' title='bbox 1662 2110 1777 2158; x_wconf 87' lang='lat' dir='ltr'>fecit</span> <span class='ocrx_word' id='word_1_135' title='bbox 1800 2110 2099 2175; x_wconf 77' lang='lat' dir='ltr'>episcopum¹¹</span> <span class='ocrx_word' id='word_1_136' title='bbox 2131 2111 2258 2176; x_wconf 92' lang='lat' dir='ltr'>apud</span> <span class='ocrx_word' id='word_1_137' title='bbox 2284 2112 2496 2169; x_wconf 74' lang='lat' dir='ltr'>Durium,</span> 
     </span>
     <span class='ocr_line' id='line_1_20' title="bbox 566 2188 2495 2256; baseline 0.001 -17"><span class='ocrx_word' id='word_1_138' title='bbox 566 2192 640 2240; x_wconf 92' lang='lat' dir='ltr'>cui</span> <span class='ocrx_word' id='word_1_139' title='bbox 659 2192 705 2239; x_wconf 90' lang='lat' dir='ltr'>in</span> <span class='ocrx_word' id='word_1_140' title='bbox 724 2190 950 2256; x_wconf 87' lang='lat' dir='ltr'>regimine</span> <span class='ocrx_word' id='word_1_141' title='bbox 966 2189 1093 2255; x_wconf 92' lang='lat' dir='ltr'>apud</span> <span class='ocrx_word' id='word_1_142' title='bbox 1109 2189 1287 2238; x_wconf 94' lang='lat' dir='ltr'>Melros</span> <span class='ocrx_word' id='word_1_143' title='bbox 1299 2189 1316 2253; x_wconf 80' lang='grc' dir='ltr'>ΙΙ</span> <span class='ocrx_word' id='word_1_144' title='bbox 1335 2188 1541 2238; x_wconf 85' lang='lat' dir='ltr'>succeflit</span> <span class='ocrx_word' id='word_1_145' title='bbox 1557 2189 1788 2254; x_wconf 90' lang='lat' dir='ltr'>dompnus</span> <span class='ocrx_word' id='word_1_146' title='bbox 1801 2188 2068 2238; x_wconf 90' lang='lat' dir='ltr'>Willelmus</span> <span class='ocrx_word' id='word_1_147' title='bbox 2084 2190 2231 2239; x_wconf 92' lang='lat' dir='ltr'>abbas</span> <span class='ocrx_word' id='word_1_148' title='bbox 2246 2190 2305 2239; x_wconf 94' lang='lat' dir='ltr'>de</span> <span class='ocrx_word' id='word_1_149' title='bbox 2319 2191 2495 2256; x_wconf 89' lang='lat' dir='ltr'>Cupro.</span> 
     </span>
    </p>

    <p class='ocr_par' dir='ltr' id='par_1_12' title="bbox 634 2267 2132 2335">
     <span class='ocr_line' id='line_1_21' title="bbox 634 2267 2132 2335; baseline -0.001 -16"><span class='ocrx_word' id='word_1_150' title='bbox 634 2270 946 2319; x_wconf 87' lang='lat' dir='ltr'>Consecratus</span> <span class='ocrx_word' id='word_1_151' title='bbox 970 2269 1036 2318; x_wconf 90' lang='lat' dir='ltr'>est</span> <span class='ocrx_word' id='word_1_152' title='bbox 1060 2269 1290 2334; x_wconf 90' lang='lat' dir='ltr'>dompnus</span> <span class='ocrx_word' id='word_1_153' title='bbox 1316 2267 1549 2317; x_wconf 89' lang='lat' dir='ltr'>Radulfus</span> <span class='ocrx_word' id='word_1_154' title='bbox 1575 2267 1847 2317; x_wconf 90' lang='lat' dir='ltr'>Breccenfis</span> <span class='ocrx_word' id='word_1_155' title='bbox 1871 2269 2132 2335; x_wconf 88' lang='lat' dir='ltr'>episcopus.</span> 
     </span>
    </p>

    <p class='ocr_par' dir='ltr' id='par_1_13' title="bbox 568 2347 2497 2477">
     <span class='ocr_line' id='line_1_22' title="bbox 633 2347 2497 2414; baseline 0.001 -17"><span class='ocrx_word' id='word_1_156' title='bbox 633 2348 906 2397; x_wconf 87' lang='lat' dir='ltr'>Transsatus</span> <span class='ocrx_word' id='word_1_157' title='bbox 930 2348 997 2397; x_wconf 89' lang='lat' dir='ltr'>est</span> <span class='ocrx_word' id='word_1_158' title='bbox 1021 2348 1251 2412; x_wconf 89' lang='lat' dir='ltr'>dompnus</span> <span class='ocrx_word' id='word_1_159' title='bbox 1273 2347 1539 2396; x_wconf 89' lang='lat' dir='ltr'>Willelmus</span> <span class='ocrx_word' id='word_1_160' title='bbox 1564 2347 1882 2396; x_wconf 89' lang='lat' dir='ltr'>Maleuicinus</span> <span class='ocrx_word' id='word_1_161' title='bbox 1906 2348 1966 2396; x_wconf 94' lang='lat' dir='ltr'>de</span> <span class='ocrx_word' id='word_1_162' title='bbox 1988 2348 2171 2414; x_wconf 89' lang='lat' dir='ltr'>Glasgu</span> <span class='ocrx_word' id='word_1_163' title='bbox 2197 2349 2259 2396; x_wconf 92' lang='lat' dir='ltr'>ad</span> <span class='ocrx_word' id='word_1_164' title='bbox 2282 2350 2497 2398; x_wconf 64' lang='lat' dir='ltr'>sanctum</span> 
     </span>
     <span class='ocr_line' id='line_1_23' title="bbox 568 2427 824 2477; baseline -0.008 0"><span class='ocrx_word' id='word_1_165' title='bbox 568 2427 824 2477; x_wconf 91' lang='lat' dir='ltr'>Andream.</span> 
     </span>
    </p>

    <p class='ocr_par' dir='ltr' id='par_1_14' title="bbox 565 2505 2498 2970">
     <span class='ocr_line' id='line_1_24' title="bbox 632 2505 2497 2574; baseline 0.001 -19"><span class='ocrx_word' id='word_1_166' title='bbox 632 2506 893 2555; x_wconf 67' lang='lat' dir='ltr'>Praedictus</span> <span class='ocrx_word' id='word_1_167' title='bbox 925 2506 1177 2571; x_wconf 89' lang='lat' dir='ltr'>apostolice</span> <span class='ocrx_word' id='word_1_168' title='bbox 1208 2506 1328 2554; x_wconf 91' lang='lat' dir='ltr'>sedis</span> <span class='ocrx_word' id='word_1_169' title='bbox 1362 2506 1549 2572; x_wconf 89' lang='lat' dir='ltr'>legatus</span> <span class='ocrx_word' id='word_1_170' title='bbox 1585 2505 1712 2571; x_wconf 93' lang='lat' dir='ltr'>apud</span> <span class='ocrx_word' id='word_1_171' title='bbox 1745 2505 1925 2554; x_wconf 90' lang='lat' dir='ltr'>Melros</span> <span class='ocrx_word' id='word_1_172' title='bbox 1956 2506 2213 2555; x_wconf 88' lang='lat' dir='ltr'>honorifice</span> <span class='ocrx_word' id='word_1_173' title='bbox 2243 2508 2497 2574; x_wconf 87' lang='lat' dir='ltr'>susceptus,</span> 
     </span>
     <span class='ocr_line' id='line_1_25' title="bbox 565 2584 2498 2650; baseline 0.001 -16"><span class='ocrx_word' id='word_1_174' title='bbox 565 2602 647 2650; x_wconf 89' lang='lat' dir='ltr'>per</span> <span class='ocrx_word' id='word_1_175' title='bbox 669 2585 700 2633; x_wconf 96' lang='lat' dir='ltr'>l.</span> <span class='ocrx_word' id='word_1_176' title='bbox 726 2586 893 2634; x_wconf 75' lang='lat' dir='ltr'>noc&#39;tes</span> <span class='ocrx_word' id='word_1_177' title='bbox 924 2593 971 2633; x_wconf 92' lang='lat' dir='ltr'>et</span> <span class='ocrx_word' id='word_1_178' title='bbox 1006 2585 1205 2650; x_wconf 91' lang='lat' dir='ltr'>amplius</span> <span class='ocrx_word' id='word_1_179' title='bbox 1229 2593 1543 2634; x_wconf 86' lang='lat' dir='ltr'>commoratus</span> <span class='ocrx_word' id='word_1_180' title='bbox 1568 2584 1635 2633; x_wconf 92' lang='lat' dir='ltr'>est</span> <span class='ocrx_word' id='word_1_181' title='bbox 1665 2585 1869 2634; x_wconf 84' lang='lat' dir='ltr'>maxime</span> <span class='ocrx_word' id='word_1_182' title='bbox 1901 2593 1952 2634; x_wconf 90' lang='lat' dir='ltr'>ut</span> <span class='ocrx_word' id='word_1_183' title='bbox 1985 2586 2343 2635; x_wconf 88' lang='lat' dir='ltr'>controverfiam</span> <span class='ocrx_word' id='word_1_184' title='bbox 2377 2588 2498 2637; x_wconf 89' lang='lat' dir='ltr'>inter</span> 
     </span>
     <span class='ocr_line' id='line_1_26' title="bbox 565 2664 2497 2733; baseline 0.002 -19"><span class='ocrx_word' id='word_1_185' title='bbox 565 2664 820 2714; x_wconf 90' lang='lat' dir='ltr'>monachos</span> <span class='ocrx_word' id='word_1_186' title='bbox 844 2665 903 2713; x_wconf 94' lang='lat' dir='ltr'>de</span> <span class='ocrx_word' id='word_1_187' title='bbox 930 2665 1114 2713; x_wconf 88' lang='lat' dir='ltr'>Kelcou</span> <span class='ocrx_word' id='word_1_188' title='bbox 1138 2672 1185 2713; x_wconf 88' lang='lat' dir='ltr'>et</span> <span class='ocrx_word' id='word_1_189' title='bbox 1218 2664 1476 2713; x_wconf 89' lang='lat' dir='ltr'>monachos</span> <span class='ocrx_word' id='word_1_190' title='bbox 1500 2664 1560 2713; x_wconf 90' lang='lat' dir='ltr'>de</span> <span class='ocrx_word' id='word_1_191' title='bbox 1593 2664 1771 2714; x_wconf 89' lang='lat' dir='ltr'>Melros</span> <span class='ocrx_word' id='word_1_192' title='bbox 1802 2665 2111 2730; x_wconf 86' lang='lat' dir='ltr'>pacificaret.⁰</span> <span class='ocrx_word' id='word_1_193' title='bbox 2182 2666 2278 2723; x_wconf 86' lang='lat' dir='ltr'>Qui</span> <span class='ocrx_word' id='word_1_194' title='bbox 2309 2667 2497 2733; x_wconf 89' lang='lat' dir='ltr'>utrique</span> 
     </span>
     <span class='ocr_line' id='line_1_27' title="bbox 565 2744 2498 2810; baseline 0.002 -18"><span class='ocrx_word' id='word_1_195' title='bbox 565 2745 683 2810; x_wconf 89' lang='lat' dir='ltr'>parti</span> <span class='ocrx_word' id='word_1_196' title='bbox 699 2745 820 2793; x_wconf 90' lang='lat' dir='ltr'>bene</span> <span class='ocrx_word' id='word_1_197' title='bbox 838 2744 1117 2810; x_wconf 87' lang='lat' dir='ltr'>pollicitans,</span> <span class='ocrx_word' id='word_1_198' title='bbox 1132 2744 1246 2792; x_wconf 94' lang='lat' dir='ltr'>nulli</span> <span class='ocrx_word' id='word_1_199' title='bbox 1264 2744 1566 2800; x_wconf 88' lang='lat' dir='ltr'>satisfaciens,</span> <span class='ocrx_word' id='word_1_200' title='bbox 1591 2744 1937 2809; x_wconf 90' lang='lat' dir='ltr'>quamplurima</span> <span class='ocrx_word' id='word_1_201' title='bbox 1961 2744 2101 2802; x_wconf 90' lang='lat' dir='ltr'>dona,</span> <span class='ocrx_word' id='word_1_202' title='bbox 2120 2745 2311 2802; x_wconf 89' lang='lat' dir='ltr'>scilicet,</span> <span class='ocrx_word' id='word_1_203' title='bbox 2331 2747 2431 2795; x_wconf 89' lang='lat' dir='ltr'>auri</span> <span class='ocrx_word' id='word_1_204' title='bbox 2450 2754 2498 2796; x_wconf 92' lang='lat' dir='ltr'>et</span> 
     </span>
     <span class='ocr_line' id='line_1_28' title="bbox 566 2823 2497 2890; baseline 0.002 -19"><span class='ocrx_word' id='word_1_205' title='bbox 566 2824 747 2890; x_wconf 86' lang='lat' dir='ltr'>argenti</span> <span class='ocrx_word' id='word_1_206' title='bbox 771 2840 955 2872; x_wconf 90' lang='lat' dir='ltr'>necnon</span> <span class='ocrx_word' id='word_1_207' title='bbox 980 2831 1027 2872; x_wconf 93' lang='lat' dir='ltr'>et</span> <span class='ocrx_word' id='word_1_208' title='bbox 1052 2840 1280 2888; x_wconf 91' lang='lat' dir='ltr'>equorum</span> <span class='ocrx_word' id='word_1_209' title='bbox 1304 2823 1625 2888; x_wconf 92' lang='lat' dir='ltr'>plurimorum,</span> <span class='ocrx_word' id='word_1_210' title='bbox 1658 2823 1719 2872; x_wconf 92' lang='lat' dir='ltr'>ab</span> <span class='ocrx_word' id='word_1_211' title='bbox 1743 2831 1944 2889; x_wconf 92' lang='lat' dir='ltr'>utraque</span> <span class='ocrx_word' id='word_1_212' title='bbox 1962 2831 2095 2890; x_wconf 89' lang='lat' dir='ltr'>parte</span> <span class='ocrx_word' id='word_1_213' title='bbox 2121 2826 2356 2883; x_wconf 88' lang='lat' dir='ltr'>auferens,</span> <span class='ocrx_word' id='word_1_214' title='bbox 2372 2826 2497 2875; x_wconf 73' lang='lat' dir='ltr'>&#39;nulli</span> 
     </span>
     <span class='ocr_line' id='line_1_29' title="bbox 566 2903 2494 2970; baseline 0.002 -19"><span class='ocrx_word' id='word_1_215' title='bbox 566 2903 818 2968; x_wconf 91' lang='lat' dir='ltr'>quicquam</span> <span class='ocrx_word' id='word_1_216' title='bbox 842 2903 1187 2951; x_wconf 90' lang='lat' dir='ltr'>commoditatis</span> <span class='ocrx_word' id='word_1_217' title='bbox 1205 2903 1467 2959; x_wconf 88' lang='lat' dir='ltr'>conferens,</span> <span class='ocrx_word' id='word_1_218' title='bbox 1485 2903 1616 2952; x_wconf 90' lang='lat' dir='ltr'>litem</span> <span class='ocrx_word' id='word_1_219' title='bbox 1639 2903 1827 2968; x_wconf 85' lang='lat' dir='ltr'>penitus</span> <span class='ocrx_word' id='word_1_220' title='bbox 1850 2903 2262 2953; x_wconf 90' lang='lat' dir='ltr'>indeterminatam</span> <span class='ocrx_word' id='word_1_221' title='bbox 2278 2904 2494 2970; x_wconf 88' lang='lat' dir='ltr'>reliquid.</span> 
     </span>
    </p>
   </div>
   <div class='ocr_carea' id='block_1_6' title="bbox 564 3023 2505 3445">
    <p class='ocr_par' dir='ltr' id='par_1_15' title="bbox 564 3023 2505 3445">
     <span class='ocr_line' id='line_1_30' title="bbox 612 3023 2493 3070; baseline 0 -11"><span class='ocrx_word' id='word_1_222' title='bbox 612 3024 626 3043; x_wconf 69' lang='lat'><em>¹</em></span> <span class='ocrx_word' id='word_1_223' title='bbox 646 3029 670 3044; x_wconf 88' lang='lat'><strong>“</strong></span> <span class='ocrx_word' id='word_1_224' title='bbox 685 3024 725 3058; x_wconf 90' lang='lat' dir='ltr'>1n</span> <span class='ocrx_word' id='word_1_225' title='bbox 741 3023 860 3064; x_wconf 69' lang='lat' dir='ltr'>Geniis,</span> <span class='ocrx_word' id='word_1_226' title='bbox 880 3030 1056 3070; x_wconf 87' lang='lat' dir='ltr'>praecepto</span> <span class='ocrx_word' id='word_1_227' title='bbox 1075 3024 1270 3059; x_wconf 85' lang='lat' dir='ltr'>Innocentii</span> <span class='ocrx_word' id='word_1_228' title='bbox 1279 3035 1381 3070; x_wconf 85' lang='lat' dir='ltr'>papae</span> <span class='ocrx_word' id='word_1_229' title='bbox 1392 3023 1519 3059; x_wconf 89' lang='lat' dir='ltr'>tertii.”</span> <span class='ocrx_word' id='word_1_230' title='bbox 1560 3024 1711 3066; x_wconf 79' lang='lat' dir='ltr'>Fordun,</span> <span class='ocrx_word' id='word_1_231' title='bbox 1726 3024 1750 3059; x_wconf 87' lang='lat' dir='ltr'>i.</span> <span class='ocrx_word' id='word_1_232' title='bbox 1765 3026 1847 3060; x_wconf 88' lang='lat'>315.</span> <span class='ocrx_word' id='word_1_233' title='bbox 1993 3023 2005 3047; x_wconf 87' lang='lat'><em>¹</em></span> <span class='ocrx_word' id='word_1_234' title='bbox 2026 3025 2094 3061; x_wconf 92' lang='lat' dir='ltr'>See</span> <span class='ocrx_word' id='word_1_235' title='bbox 2117 3025 2236 3060; x_wconf 63' lang='grc' dir='ltr'><strong>θεν-οη.</strong></span> <span class='ocrx_word' id='word_1_236' title='bbox 2250 3024 2493 3070; x_wconf 70' lang='lat' dir='ltr'>quanereott,</span> 
     </span>
     <span class='ocr_line' id='line_1_31' title="bbox 569 3077 2496 3126; baseline 0.001 -14"><span class='ocrx_word' id='word_1_237' title='bbox 569 3077 647 3112; x_wconf 88' lang='lat' dir='ltr'>MS.</span> <span class='ocrx_word' id='word_1_238' title='bbox 670 3078 765 3113; x_wconf 88' lang='lat' dir='ltr'>Cott.</span> <span class='ocrx_word' id='word_1_239' title='bbox 786 3079 907 3114; x_wconf 89' lang='lat' dir='ltr'>Claud.</span> <span class='ocrx_word' id='word_1_240' title='bbox 929 3080 974 3114; x_wconf 92' lang='lat' dir='ltr'>D.</span> <span class='ocrx_word' id='word_1_241' title='bbox 990 3080 1047 3125; x_wconf 86' lang='lat' dir='ltr'>vij.</span> <span class='ocrx_word' id='word_1_242' title='bbox 1062 3079 1122 3114; x_wconf 87' lang='lat' dir='ltr'>fol.</span> <span class='ocrx_word' id='word_1_243' title='bbox 1146 3080 1223 3117; x_wconf 93' lang='grc'><strong>172.</strong></span> <span class='ocrx_word' id='word_1_244' title='bbox 1235 3081 1291 3120; x_wconf 88' lang='lat' dir='ltr'>b.;</span> <span class='ocrx_word' id='word_1_245' title='bbox 1319 3081 1501 3126; x_wconf 78' lang='lat' dir='ltr'>Wyntown,</span> <span class='ocrx_word' id='word_1_246' title='bbox 1521 3080 1544 3114; x_wconf 90' lang='lat' dir='ltr'>i.</span> <span class='ocrx_word' id='word_1_247' title='bbox 1565 3082 1646 3114; x_wconf 87' lang='lat'>345.</span> <span class='ocrx_word' id='word_1_248' title='bbox 1769 3079 1795 3095; x_wconf 72' lang='lat'>¹¹¹</span> <span class='ocrx_word' id='word_1_249' title='bbox 1812 3081 1878 3115; x_wconf 91' lang='lat' dir='ltr'>See</span> <span class='ocrx_word' id='word_1_250' title='bbox 1894 3080 1957 3116; x_wconf 87' lang='lat' dir='ltr'>the</span> <span class='ocrx_word' id='word_1_251' title='bbox 1969 3080 2174 3115; x_wconf 82' lang='lat' dir='ltr'>authorities</span> <span class='ocrx_word' id='word_1_252' title='bbox 2185 3080 2252 3115; x_wconf 66' lang='lat' dir='ltr'>laet</span> <span class='ocrx_word' id='word_1_253' title='bbox 2264 3078 2367 3120; x_wconf 85' lang='lat' dir='ltr'>cited,</span> <span class='ocrx_word' id='word_1_254' title='bbox 2387 3077 2496 3114; x_wconf 81' lang='lat' dir='ltr'>atthe</span> 
     </span>
     <span class='ocr_line' id='line_1_32' title="bbox 566 3133 2505 3180; baseline 0.001 -13"><span class='ocrx_word' id='word_1_255' title='bbox 566 3144 659 3167; x_wconf 81' lang='lat' dir='ltr'>same</span> <span class='ocrx_word' id='word_1_256' title='bbox 672 3133 787 3178; x_wconf 88' lang='lat' dir='ltr'>place;</span> <span class='ocrx_word' id='word_1_257' title='bbox 893 3133 946 3149; x_wconf 73' lang='lat'>“¹¹¹¹</span> <span class='ocrx_word' id='word_1_258' title='bbox 964 3134 1181 3180; x_wconf 87' lang='lat' dir='ltr'>Concerning</span> <span class='ocrx_word' id='word_1_259' title='bbox 1192 3135 1246 3170; x_wconf 84' lang='lat' dir='ltr'>his</span> <span class='ocrx_word' id='word_1_260' title='bbox 1263 3135 1470 3177; x_wconf 85' lang='lat' dir='ltr'>ordination,</span> <span class='ocrx_word' id='word_1_261' title='bbox 1484 3147 1543 3170; x_wconf 90' lang='lat' dir='ltr'>see</span> <span class='ocrx_word' id='word_1_262' title='bbox 1558 3135 1687 3170; x_wconf 86' lang='lat' dir='ltr'>Hoved.</span> <span class='ocrx_word' id='word_1_263' title='bbox 1705 3134 1766 3170; x_wconf 87' lang='lat' dir='ltr'>fol.</span> <span class='ocrx_word' id='word_1_264' title='bbox 1780 3138 1863 3171; x_wconf 84' lang='lat'>461.</span> <span class='ocrx_word' id='word_1_265' title='bbox 1977 3135 1995 3151; x_wconf 70' lang='lat'><em>²</em></span> <span class='ocrx_word' id='word_1_266' title='bbox 2009 3137 2160 3176; x_wconf 72' lang='lat' dir='ltr'>For-dun,</span> <span class='ocrx_word' id='word_1_267' title='bbox 2174 3135 2198 3170; x_wconf 88' lang='lat' dir='ltr'>i.</span> <span class='ocrx_word' id='word_1_268' title='bbox 2216 3135 2304 3174; x_wconf 83' lang='lat'><strong>576;</strong></span> <span class='ocrx_word' id='word_1_269' title='bbox 2324 3135 2444 3169; x_wconf 62' lang='lat' dir='ltr'>emron.</span> <span class='ocrx_word' id='word_1_270' title='bbox 2462 3136 2505 3180; x_wconf 75' lang='lat' dir='ltr'>qs</span> 
     </span>
     <span class='ocr_line' id='line_1_33' title="bbox 569 3189 2495 3237; baseline 0.002 -15"><span class='ocrx_word' id='word_1_271' title='bbox 569 3189 761 3229; x_wconf 69' lang='lat' dir='ltr'>Lanercoet,</span> <span class='ocrx_word' id='word_1_272' title='bbox 784 3189 863 3224; x_wconf 89' lang='lat' dir='ltr'>MS.</span> <span class='ocrx_word' id='word_1_273' title='bbox 886 3190 980 3225; x_wconf 87' lang='lat' dir='ltr'>Cott.</span> <span class='ocrx_word' id='word_1_274' title='bbox 999 3191 1121 3226; x_wconf 87' lang='lat' dir='ltr'>Claud.</span> <span class='ocrx_word' id='word_1_275' title='bbox 1139 3191 1184 3226; x_wconf 93' lang='lat' dir='ltr'>D.</span> <span class='ocrx_word' id='word_1_276' title='bbox 1204 3191 1262 3237; x_wconf 85' lang='lat' dir='ltr'>vij.</span> <span class='ocrx_word' id='word_1_277' title='bbox 1275 3191 1324 3226; x_wconf 91' lang='lat' dir='ltr'>fol</span> <span class='ocrx_word' id='word_1_278' title='bbox 1340 3192 1418 3229; x_wconf 92' lang='grc'><strong>172.</strong></span> <span class='ocrx_word' id='word_1_279' title='bbox 1611 3191 1626 3206; x_wconf 91' lang='lat'>⁰</span> <span class='ocrx_word' id='word_1_280' title='bbox 1644 3191 1676 3226; x_wconf 94' lang='lat' dir='ltr'>It</span> <span class='ocrx_word' id='word_1_281' title='bbox 1688 3191 1717 3226; x_wconf 90' lang='lat' dir='ltr'>is</span> <span class='ocrx_word' id='word_1_282' title='bbox 1730 3191 1897 3237; x_wconf 81' lang='lat' dir='ltr'>probable</span> <span class='ocrx_word' id='word_1_283' title='bbox 1908 3191 1987 3227; x_wconf 80' lang='lat' dir='ltr'>that</span> <span class='ocrx_word' id='word_1_284' title='bbox 1998 3191 2061 3226; x_wconf 89' lang='lat' dir='ltr'>the</span> <span class='ocrx_word' id='word_1_285' title='bbox 2077 3190 2178 3237; x_wconf 83' lang='lat' dir='ltr'>point</span> <span class='ocrx_word' id='word_1_286' title='bbox 2193 3197 2230 3225; x_wconf 80' lang='lat' dir='ltr'>at</span> <span class='ocrx_word' id='word_1_287' title='bbox 2242 3190 2335 3225; x_wconf 86' lang='lat' dir='ltr'>issue</span> <span class='ocrx_word' id='word_1_288' title='bbox 2348 3201 2419 3225; x_wconf 81' lang='lat' dir='ltr'>was</span> <span class='ocrx_word' id='word_1_289' title='bbox 2432 3189 2495 3225; x_wconf 92' lang='lat' dir='ltr'>the</span> 
     </span>
     <span class='ocr_line' id='line_1_34' title="bbox 565 3243 2495 3291; baseline 0.002 -14"><span class='ocrx_word' id='word_1_290' title='bbox 565 3243 746 3289; x_wconf 80' lang='lat' dir='ltr'>boundary</span> <span class='ocrx_word' id='word_1_291' title='bbox 758 3243 799 3278; x_wconf 85' lang='lat' dir='ltr'>of</span> <span class='ocrx_word' id='word_1_292' title='bbox 811 3244 872 3278; x_wconf 85' lang='lat' dir='ltr'>the</span> <span class='ocrx_word' id='word_1_293' title='bbox 884 3246 1100 3290; x_wconf 84' lang='lat' dir='ltr'>possessions</span> <span class='ocrx_word' id='word_1_294' title='bbox 1113 3246 1155 3281; x_wconf 86' lang='lat' dir='ltr'>os</span> <span class='ocrx_word' id='word_1_295' title='bbox 1164 3246 1265 3282; x_wconf 87' lang='lat' dir='ltr'>these</span> <span class='ocrx_word' id='word_1_296' title='bbox 1278 3247 1485 3291; x_wconf 84' lang='lat' dir='ltr'>contiguous</span> <span class='ocrx_word' id='word_1_297' title='bbox 1497 3245 1792 3282; x_wconf 83' lang='lat' dir='ltr'>establishments.</span> <span class='ocrx_word' id='word_1_298' title='bbox 1846 3246 1942 3282; x_wconf 91' lang='lat' dir='ltr'>Such</span> <span class='ocrx_word' id='word_1_299' title='bbox 1957 3252 1995 3282; x_wconf 78' lang='lat' dir='ltr'>at</span> <span class='ocrx_word' id='word_1_300' title='bbox 2009 3246 2100 3282; x_wconf 76' lang='lat' dir='ltr'>least</span> <span class='ocrx_word' id='word_1_301' title='bbox 2114 3256 2195 3291; x_wconf 79' lang='lat' dir='ltr'>may</span> <span class='ocrx_word' id='word_1_302' title='bbox 2208 3245 2254 3280; x_wconf 92' lang='lat' dir='ltr'>be</span> <span class='ocrx_word' id='word_1_303' title='bbox 2270 3245 2495 3291; x_wconf 85' lang='lat' dir='ltr'>conjectured</span> 
     </span>
     <span class='ocr_line' id='line_1_35' title="bbox 564 3298 2491 3348; baseline 0.001 -15"><span class='ocrx_word' id='word_1_304' title='bbox 564 3298 651 3334; x_wconf 82' lang='lat' dir='ltr'>from</span> <span class='ocrx_word' id='word_1_305' title='bbox 676 3298 737 3333; x_wconf 86' lang='lat' dir='ltr'>the</span> <span class='ocrx_word' id='word_1_306' title='bbox 755 3298 907 3333; x_wconf 79' lang='lat' dir='ltr'>Monast.</span> <span class='ocrx_word' id='word_1_307' title='bbox 927 3299 1014 3334; x_wconf 76' lang='lat' dir='ltr'>Anu.</span> <span class='ocrx_word' id='word_1_308' title='bbox 1038 3312 1074 3345; x_wconf 88' lang='lat' dir='ltr'>p.</span> <span class='ocrx_word' id='word_1_309' title='bbox 1101 3303 1182 3337; x_wconf 85' lang='lat'>218.</span> <span class='ocrx_word' id='word_1_310' title='bbox 1315 3304 1332 3321; x_wconf 79' lang='lat'>⁸</span> <span class='ocrx_word' id='word_1_311' title='bbox 1355 3301 1413 3336; x_wconf 93' lang='lat' dir='ltr'>On</span> <span class='ocrx_word' id='word_1_312' title='bbox 1436 3300 1499 3336; x_wconf 88' lang='lat' dir='ltr'>the</span> <span class='ocrx_word' id='word_1_313' title='bbox 1522 3301 1664 3346; x_wconf 77' lang='lat' dir='ltr'>margin,</span> <span class='ocrx_word' id='word_1_314' title='bbox 1695 3306 1719 3321; x_wconf 79' lang='lat'>‘⁶</span> <span class='ocrx_word' id='word_1_315' title='bbox 1735 3301 1856 3336; x_wconf 77' lang='lat' dir='ltr'>Abbas</span> <span class='ocrx_word' id='word_1_316' title='bbox 1878 3302 1923 3338; x_wconf 86' lang='lat' dir='ltr'>de</span> <span class='ocrx_word' id='word_1_317' title='bbox 1950 3301 2069 3348; x_wconf 85' lang='lat' dir='ltr'>Cupro</span> <span class='ocrx_word' id='word_1_318' title='bbox 2090 3301 2148 3335; x_wconf 62' lang='grc' dir='ltr'>ι’·</span> <span class='ocrx_word' id='word_1_319' title='bbox 2305 3301 2324 3345; x_wconf 89' lang='lat'>†</span> <span class='ocrx_word' id='word_1_320' title='bbox 2345 3299 2491 3346; x_wconf 77' lang='lat' dir='ltr'>Mar-gin,</span> 
     </span>
     <span class='ocr_line' id='line_1_36' title="bbox 570 3354 2494 3403; baseline 0.003 -16"><span class='ocrx_word' id='word_1_321' title='bbox 570 3358 593 3373; x_wconf 86' lang='lat'><strong><em>“</em></strong></span> <span class='ocrx_word' id='word_1_322' title='bbox 618 3354 716 3388; x_wconf 60' lang='lat' dir='ltr'>...ul</span> <span class='ocrx_word' id='word_1_323' title='bbox 728 3364 916 3388; x_wconf 71' lang='lat' dir='ltr'>trrscorus</span> <span class='ocrx_word' id='word_1_324' title='bbox 936 3354 1104 3390; x_wconf 69' lang='lat' dir='ltr'>GLAso&#39;.”</span> <span class='ocrx_word' id='word_1_325' title='bbox 1245 3357 1267 3401; x_wconf 79' lang='lat' dir='ltr'>ss</span> <span class='ocrx_word' id='word_1_326' title='bbox 1286 3354 1431 3403; x_wconf 73' lang='lat' dir='ltr'>Mai-gin,</span> <span class='ocrx_word' id='word_1_327' title='bbox 1454 3361 1478 3378; x_wconf 90' lang='lat'><strong>“</strong></span> <span class='ocrx_word' id='word_1_328' title='bbox 1494 3356 1614 3393; x_wconf 74' lang='lat' dir='ltr'>Abbas</span> <span class='ocrx_word' id='word_1_329' title='bbox 1629 3355 1674 3393; x_wconf 86' lang='lat' dir='ltr'>de</span> <span class='ocrx_word' id='word_1_330' title='bbox 1694 3356 1905 3393; x_wconf 77' lang='lat' dir='ltr'>Newbotil.”</span> <span class='ocrx_word' id='word_1_331' title='bbox 2059 3357 2072 3402; x_wconf 80' lang='grc' dir='ltr'>ΙΙ</span> <span class='ocrx_word' id='word_1_332' title='bbox 2099 3355 2244 3403; x_wconf 65' lang='grc' dir='ltr'><strong>Μωςίυ,</strong></span> <span class='ocrx_word' id='word_1_333' title='bbox 2267 3360 2292 3379; x_wconf 85' lang='grc'><strong>“</strong></span> <span class='ocrx_word' id='word_1_334' title='bbox 2310 3355 2432 3393; x_wconf 78' lang='lat' dir='ltr'>Abbas</span> <span class='ocrx_word' id='word_1_335' title='bbox 2449 3356 2494 3393; x_wconf 89' lang='lat' dir='ltr'>de</span> 
     </span>
     <span class='ocr_line' id='line_1_37' title="bbox 570 3407 1063 3445; baseline 0 -1"><span class='ocrx_word' id='word_1_336' title='bbox 570 3407 694 3445; x_wconf 87' lang='lat' dir='ltr'>Melr.”</span> <span class='ocrx_word' id='word_1_337' title='bbox 711 3409 847 3445; x_wconf 83' lang='lat' dir='ltr'>written</span> <span class='ocrx_word' id='word_1_338' title='bbox 863 3408 899 3444; x_wconf 85' lang='lat' dir='ltr'>in</span> <span class='ocrx_word' id='word_1_339' title='bbox 916 3408 978 3445; x_wconf 85' lang='lat' dir='ltr'>red</span> <span class='ocrx_word' id='word_1_340' title='bbox 992 3408 1063 3444; x_wconf 90' lang='lat' dir='ltr'>ink.</span> 
     </span>
    </p>
   </div>
  </div>
 </body>
</html>
