<?xml version="1.0" encoding="UTF-8"?>
<!DOCTYPE html PUBLIC "-//W3C//DTD XHTML 1.0 Transitional//EN"
    "http://www.w3.org/TR/xhtml1/DTD/xhtml1-transitional.dtd">
<html xmlns="http://www.w3.org/1999/xhtml" xml:lang="en" lang="en">
 <head>
  <title>
</title>
<meta http-equiv="Content-Type" content="text/html;charset=utf-8" />
  <meta name='ocr-system' content='tesseract 3.04.00' />
  <meta name='ocr-capabilities' content='ocr_page ocr_carea ocr_par ocr_line ocrx_word'/>
</head>
<body>
  <div class='ocr_page' id='page_1' title='image "./chronicdemailros00melruoft_0266.png"; bbox 0 0 2904 3886; ppageno 0'>
   <div class='ocr_carea' id='block_1_1' title="bbox 594 506 2538 575">
    <p class='ocr_par' dir='ltr' id='par_1_1' title="bbox 594 506 2538 575">
     <span class='ocr_line' id='line_1_1' title="bbox 594 506 2538 575; baseline 0.004 -8"><span class='ocrx_word' id='word_1_1' title='bbox 594 523 692 568; x_wconf 83' lang='lat'><strong>224</strong></span> <span class='ocrx_word' id='word_1_2' title='bbox 1019 507 1539 570; x_wconf 70' lang='lat' dir='ltr'><strong>&#39;CHRONICON</strong></span> <span class='ocrx_word' id='word_1_3' title='bbox 1583 506 2106 572; x_wconf 83' lang='lat' dir='ltr'><strong>R&#39;YTHMICUM.</strong></span> <span class='ocrx_word' id='word_1_4' title='bbox 2253 525 2386 574; x_wconf 89' lang='lat' dir='ltr'><strong>A.D.</strong></span> <span class='ocrx_word' id='word_1_5' title='bbox 2425 531 2538 575; x_wconf 82' lang='lat'><strong>843.</strong></span> 
     </span>
    </p>
   </div>
   <div class='ocr_carea' id='block_1_2' title="bbox 594 660 2542 968">
    <p class='ocr_par' dir='ltr' id='par_1_2' title="bbox 597 660 2541 808">
     <span class='ocr_line' id='line_1_2' title="bbox 664 660 2541 732; baseline 0.003 -20"><span class='ocrx_word' id='word_1_6' title='bbox 664 662 757 712; x_wconf 89' lang='lat' dir='ltr'><strong>Iste</strong></span> <span class='ocrx_word' id='word_1_7' title='bbox 774 668 970 711; x_wconf 90' lang='lat' dir='ltr'><strong>vocatus</strong></span> <span class='ocrx_word' id='word_1_8' title='bbox 993 660 1061 710; x_wconf 88' lang='lat' dir='ltr'><strong>est</strong></span> <span class='ocrx_word' id='word_1_9' title='bbox 1082 677 1165 709; x_wconf 87' lang='lat' dir='ltr'><strong>rex</strong></span> <span class='ocrx_word' id='word_1_10' title='bbox 1188 660 1381 726; x_wconf 87' lang='lat' dir='ltr'><strong>primus,</strong></span> <span class='ocrx_word' id='word_1_11' title='bbox 1405 677 1502 709; x_wconf 92' lang='lat' dir='ltr'><strong>non</strong></span> <span class='ocrx_word' id='word_1_12' title='bbox 1526 661 1640 726; x_wconf 89' lang='lat' dir='ltr'><strong>quia</strong></span> <span class='ocrx_word' id='word_1_13' title='bbox 1662 661 1768 718; x_wconf 88' lang='lat' dir='ltr'><strong>fuit,</strong></span> <span class='ocrx_word' id='word_1_14' title='bbox 1792 661 1873 711; x_wconf 87' lang='lat' dir='ltr'><strong>sed</strong></span> <span class='ocrx_word' id='word_1_15' title='bbox 1897 662 2010 729; x_wconf 86' lang='lat' dir='ltr'><strong>quia</strong></span> <span class='ocrx_word' id='word_1_16' title='bbox 2032 664 2210 730; x_wconf 89' lang='lat' dir='ltr'><strong>primus</strong></span> <span class='ocrx_word' id='word_1_17' title='bbox 2226 664 2361 732; x_wconf 87' lang='lat' dir='ltr'><strong>leges</strong></span> <span class='ocrx_word' id='word_1_18' title='bbox 2389 667 2541 717; x_wconf 88' lang='lat' dir='ltr'><strong>Scoti-</strong></span> 
     </span>
     <span class='ocr_line' id='line_1_3' title="bbox 597 740 1807 808; baseline -0.001 -16"><span class='ocrx_word' id='word_1_19' title='bbox 597 760 741 792; x_wconf 84' lang='lat' dir='ltr'><strong>canas</strong></span> <span class='ocrx_word' id='word_1_20' title='bbox 764 741 977 797; x_wconf 91' lang='lat' dir='ltr'><strong>instituit,</strong></span> <span class='ocrx_word' id='word_1_21' title='bbox 1002 757 1122 807; x_wconf 87' lang='lat' dir='ltr'><strong>quas</strong></span> <span class='ocrx_word' id='word_1_22' title='bbox 1144 748 1318 790; x_wconf 87' lang='lat' dir='ltr'><strong>vocant</strong></span> <span class='ocrx_word' id='word_1_23' title='bbox 1340 741 1474 807; x_wconf 87' lang='lat' dir='ltr'><strong>leges</strong></span> <span class='ocrx_word' id='word_1_24' title='bbox 1494 740 1611 790; x_wconf 89' lang='lat' dir='ltr'><strong>Mac</strong></span> <span class='ocrx_word' id='word_1_25' title='bbox 1621 740 1807 808; x_wconf 88' lang='lat' dir='ltr'><strong>-Alpin.</strong></span> 
     </span>
    </p>

    <p class='ocr_par' dir='ltr' id='par_1_3' title="bbox 594 820 2542 968">
     <span class='ocr_line' id='line_1_4' title="bbox 665 820 2542 884; baseline 0.002 -13"><span class='ocrx_word' id='word_1_26' title='bbox 665 823 808 872; x_wconf 90' lang='lat' dir='ltr'><strong>Anno</strong></span> <span class='ocrx_word' id='word_1_27' title='bbox 832 821 1033 870; x_wconf 85' lang='lat' dir='ltr'><strong>Dccclix.</strong></span> <span class='ocrx_word' id='word_1_28' title='bbox 1059 820 1177 870; x_wconf 89' lang='lat' dir='ltr'><strong>obiit</strong></span> <span class='ocrx_word' id='word_1_29' title='bbox 1205 820 1421 870; x_wconf 87' lang='lat' dir='ltr'><strong>Kinedus</strong></span> <span class='ocrx_word' id='word_1_30' title='bbox 1444 838 1527 870; x_wconf 87' lang='lat' dir='ltr'><strong>rex</strong></span> <span class='ocrx_word' id='word_1_31' title='bbox 1560 821 1850 879; x_wconf 85' lang='lat' dir='ltr'><strong>Scottorum,</strong></span> <span class='ocrx_word' id='word_1_32' title='bbox 1876 823 1952 872; x_wconf 90' lang='lat' dir='ltr'><strong>cui</strong></span> <span class='ocrx_word' id='word_1_33' title='bbox 1976 824 2185 873; x_wconf 86' lang='lat' dir='ltr'><strong>successit</strong></span> <span class='ocrx_word' id='word_1_34' title='bbox 2212 825 2542 884; x_wconf 87' lang='lat' dir='ltr'><strong>Douenaldus‚</strong></span> 
     </span>
     <span class='ocr_line' id='line_1_5' title="bbox 594 902 985 968; baseline -0.003 -17"><span class='ocrx_word' id='word_1_35' title='bbox 594 904 655 953; x_wconf 87' lang='lat' dir='ltr'><strong>de</strong></span> <span class='ocrx_word' id='word_1_36' title='bbox 679 919 774 968; x_wconf 93' lang='lat' dir='ltr'><strong>quo</strong></span> <span class='ocrx_word' id='word_1_37' title='bbox 800 902 985 958; x_wconf 90' lang='lat' dir='ltr'><strong>dicitur,</strong></span> 
     </span>
    </p>
   </div>
   <div class='ocr_carea' id='block_1_3' title="bbox 830 1062 1998 1363">
    <p class='ocr_par' dir='ltr' id='par_1_4' title="bbox 830 1062 1998 1216">
     <span class='ocr_line' id='line_1_6' title="bbox 830 1062 1998 1129; baseline 0.002 -17"><span class='ocrx_word' id='word_1_38' title='bbox 830 1064 935 1112; x_wconf 86' lang='lat' dir='ltr'><strong>Rex</strong></span> <span class='ocrx_word' id='word_1_39' title='bbox 961 1062 1282 1113; x_wconf 87' lang='lat' dir='ltr'><strong>Douenaldus</strong></span> <span class='ocrx_word' id='word_1_40' title='bbox 1307 1063 1350 1112; x_wconf 89' lang='lat' dir='ltr'><strong>ei</strong></span> <span class='ocrx_word' id='word_1_41' title='bbox 1375 1063 1586 1112; x_wconf 87' lang='lat' dir='ltr'><strong>succeffit</strong></span> <span class='ocrx_word' id='word_1_42' title='bbox 1611 1071 1815 1129; x_wconf 87' lang='lat' dir='ltr'><strong>quatuor</strong></span> <span class='ocrx_word' id='word_1_43' title='bbox 1840 1066 1998 1115; x_wconf 86' lang='lat' dir='ltr'><strong>annis:</strong></span> 
     </span>
     <span class='ocr_line' id='line_1_7' title="bbox 898 1143 1735 1216; baseline -0.001 -22"><span class='ocrx_word' id='word_1_44' title='bbox 898 1144 954 1194; x_wconf 92' lang='lat' dir='ltr'><strong>In</strong></span> <span class='ocrx_word' id='word_1_45' title='bbox 977 1144 1104 1193; x_wconf 86' lang='lat' dir='ltr'><strong>bello</strong></span> <span class='ocrx_word' id='word_1_46' title='bbox 1128 1144 1264 1195; x_wconf 86' lang='lat' dir='ltr'><strong>miles</strong></span> <span class='ocrx_word' id='word_1_47' title='bbox 1286 1143 1504 1216; x_wconf 76' lang='lat' dir='ltr'><strong>strenuus</strong></span> <span class='ocrx_word' id='word_1_48' title='bbox 1527 1143 1606 1192; x_wconf 91' lang='lat' dir='ltr'><strong>ille</strong></span> <span class='ocrx_word' id='word_1_49' title='bbox 1630 1145 1735 1193; x_wconf 90' lang='lat' dir='ltr'><strong>fuit.</strong></span> 
     </span>
    </p>

    <p class='ocr_par' dir='ltr' id='par_1_5' title="bbox 832 1224 1847 1363">
     <span class='ocr_line' id='line_1_8' title="bbox 832 1224 1814 1291; baseline 0 -18"><span class='ocrx_word' id='word_1_50' title='bbox 832 1225 981 1291; x_wconf 85' lang='lat' dir='ltr'><strong>Regis</strong></span> <span class='ocrx_word' id='word_1_51' title='bbox 1003 1224 1207 1291; x_wconf 67' lang='lat' dir='ltr'><strong>predicti</strong></span> <span class='ocrx_word' id='word_1_52' title='bbox 1230 1225 1376 1273; x_wconf 88' lang='lat' dir='ltr'><strong>frater</strong></span> <span class='ocrx_word' id='word_1_53' title='bbox 1400 1224 1491 1273; x_wconf 87' lang='lat' dir='ltr'><strong>fuit</strong></span> <span class='ocrx_word' id='word_1_54' title='bbox 1515 1224 1593 1273; x_wconf 90' lang='lat' dir='ltr'><strong>ille</strong></span> <span class='ocrx_word' id='word_1_55' title='bbox 1621 1224 1814 1281; x_wconf 89' lang='lat' dir='ltr'><strong>Kinedi,</strong></span> 
     </span>
     <span class='ocr_line' id='line_1_9' title="bbox 899 1304 1847 1363; baseline 0 -9"><span class='ocrx_word' id='word_1_56' title='bbox 899 1306 994 1363; x_wconf 87' lang='lat' dir='ltr'><strong>Qui</strong></span> <span class='ocrx_word' id='word_1_57' title='bbox 1025 1306 1181 1354; x_wconf 88' lang='lat' dir='ltr'><strong>Scone</strong></span> <span class='ocrx_word' id='word_1_58' title='bbox 1205 1306 1352 1354; x_wconf 89' lang='lat' dir='ltr'><strong>fertur</strong></span> <span class='ocrx_word' id='word_1_59' title='bbox 1376 1304 1589 1354; x_wconf 88' lang='lat' dir='ltr'><strong>subditus</strong></span> <span class='ocrx_word' id='word_1_60' title='bbox 1608 1304 1701 1354; x_wconf 82' lang='lat' dir='ltr'><strong>effe</strong></span> <span class='ocrx_word' id='word_1_61' title='bbox 1724 1306 1847 1355; x_wconf 87' lang='lat' dir='ltr'><strong>neci.</strong></span> 
     </span>
    </p>
   </div>
   <div class='ocr_carea' id='block_1_4' title="bbox 668 1464 1992 1532">
    <p class='ocr_par' dir='ltr' id='par_1_6' title="bbox 668 1464 1992 1532">
     <span class='ocr_line' id='line_1_10' title="bbox 668 1464 1992 1532; baseline -0.002 -15"><span class='ocrx_word' id='word_1_62' title='bbox 668 1467 811 1517; x_wconf 92' lang='lat' dir='ltr'><strong>Anno</strong></span> <span class='ocrx_word' id='word_1_63' title='bbox 838 1466 1072 1532; x_wconf 86' lang='lat' dir='ltr'><strong>Decclxiij.</strong></span> <span class='ocrx_word' id='word_1_64' title='bbox 1110 1466 1227 1514; x_wconf 91' lang='lat' dir='ltr'><strong>obiit</strong></span> <span class='ocrx_word' id='word_1_65' title='bbox 1254 1464 1569 1514; x_wconf 89' lang='lat' dir='ltr'><strong>Douenaldus</strong></span> <span class='ocrx_word' id='word_1_66' title='bbox 1592 1482 1675 1513; x_wconf 89' lang='lat' dir='ltr'><strong>rex</strong></span> <span class='ocrx_word' id='word_1_67' title='bbox 1705 1465 1992 1515; x_wconf 87' lang='lat' dir='ltr'><strong>Scottorum.</strong></span> 
     </span>
    </p>
   </div>
   <div class='ocr_carea' id='block_1_5' title="bbox 831 1625 2168 1934">
    <p class='ocr_par' dir='ltr' id='par_1_7' title="bbox 831 1625 2168 1773">
     <span class='ocr_line' id='line_1_11' title="bbox 831 1625 2168 1692; baseline 0.001 -16"><span class='ocrx_word' id='word_1_68' title='bbox 831 1628 908 1676; x_wconf 89' lang='lat' dir='ltr'><strong>Fit</strong></span> <span class='ocrx_word' id='word_1_69' title='bbox 936 1625 1274 1675; x_wconf 88' lang='lat' dir='ltr'><strong>Constantinus</strong></span> <span class='ocrx_word' id='word_1_70' title='bbox 1298 1625 1402 1691; x_wconf 90' lang='lat' dir='ltr'><strong>post</strong></span> <span class='ocrx_word' id='word_1_71' title='bbox 1424 1625 1552 1674; x_wconf 90' lang='lat' dir='ltr'><strong>hunc</strong></span> <span class='ocrx_word' id='word_1_72' title='bbox 1575 1642 1658 1674; x_wconf 83' lang='lat' dir='ltr'><strong>rex</strong></span> <span class='ocrx_word' id='word_1_73' title='bbox 1681 1626 1892 1692; x_wconf 89' lang='lat' dir='ltr'><strong>quinque</strong></span> <span class='ocrx_word' id='word_1_74' title='bbox 1917 1634 1987 1676; x_wconf 90' lang='lat' dir='ltr'><strong>ter</strong></span> <span class='ocrx_word' id='word_1_75' title='bbox 2012 1629 2168 1686; x_wconf 83' lang='lat' dir='ltr'><strong>annis;</strong></span> 
     </span>
     <span class='ocr_line' id='line_1_12' title="bbox 898 1706 1626 1773; baseline -0.003 -17"><span class='ocrx_word' id='word_1_76' title='bbox 898 1707 1047 1773; x_wconf 86' lang='lat' dir='ltr'><strong>Regis</strong></span> <span class='ocrx_word' id='word_1_77' title='bbox 1074 1706 1249 1755; x_wconf 86' lang='lat' dir='ltr'><strong>Kinedi</strong></span> <span class='ocrx_word' id='word_1_78' title='bbox 1272 1706 1395 1755; x_wconf 88' lang='lat' dir='ltr'><strong>filius</strong></span> <span class='ocrx_word' id='word_1_79' title='bbox 1419 1706 1497 1755; x_wconf 88' lang='lat' dir='ltr'><strong>ille</strong></span> <span class='ocrx_word' id='word_1_80' title='bbox 1521 1706 1626 1755; x_wconf 86' lang='lat' dir='ltr'><strong>fuit.</strong></span> 
     </span>
    </p>

    <p class='ocr_par' dir='ltr' id='par_1_8' title="bbox 833 1786 2013 1934">
     <span class='ocr_line' id='line_1_13' title="bbox 833 1786 1927 1854; baseline 0 -17"><span class='ocrx_word' id='word_1_81' title='bbox 833 1789 888 1837; x_wconf 93' lang='lat' dir='ltr'><strong>In</strong></span> <span class='ocrx_word' id='word_1_82' title='bbox 913 1788 1038 1837; x_wconf 90' lang='lat' dir='ltr'><strong>bello</strong></span> <span class='ocrx_word' id='word_1_83' title='bbox 1057 1804 1278 1854; x_wconf 87' lang='lat' dir='ltr'><strong>pugnans</strong></span> <span class='ocrx_word' id='word_1_84' title='bbox 1304 1786 1550 1836; x_wconf 84' lang='lat' dir='ltr'><strong>Dacorum</strong></span> <span class='ocrx_word' id='word_1_85' title='bbox 1574 1787 1747 1836; x_wconf 89' lang='lat' dir='ltr'><strong>corruit</strong></span> <span class='ocrx_word' id='word_1_86' title='bbox 1772 1788 1927 1844; x_wconf 88' lang='lat' dir='ltr'><strong>armis,</strong></span> 
     </span>
     <span class='ocr_line' id='line_1_14' title="bbox 896 1867 2013 1934; baseline -0.001 -16"><span class='ocrx_word' id='word_1_87' title='bbox 896 1869 1106 1918; x_wconf 85' lang='lat' dir='ltr'><strong>Nomine</strong></span> <span class='ocrx_word' id='word_1_88' title='bbox 1131 1868 1287 1934; x_wconf 87' lang='lat' dir='ltr'><strong>Nigra</strong></span> <span class='ocrx_word' id='word_1_89' title='bbox 1317 1867 1501 1933; x_wconf 87' lang='lat' dir='ltr'><strong>Specus</strong></span> <span class='ocrx_word' id='word_1_90' title='bbox 1525 1867 1593 1916; x_wconf 90' lang='lat' dir='ltr'><strong>est</strong></span> <span class='ocrx_word' id='word_1_91' title='bbox 1617 1867 1697 1915; x_wconf 92' lang='lat' dir='ltr'><strong>ubi</strong></span> <span class='ocrx_word' id='word_1_92' title='bbox 1722 1885 1885 1934; x_wconf 85' lang='lat' dir='ltr'><strong>pugna</strong></span> <span class='ocrx_word' id='word_1_93' title='bbox 1909 1869 2013 1918; x_wconf 87' lang='lat' dir='ltr'><strong>fuit.</strong></span> 
     </span>
    </p>
   </div>
   <div class='ocr_carea' id='block_1_6' title="bbox 667 2028 2172 2174">
    <p class='ocr_par' dir='ltr' id='par_1_9' title="bbox 667 2028 2172 2174">
     <span class='ocr_line' id='line_1_15' title="bbox 667 2028 2172 2096; baseline -0.001 -16"><span class='ocrx_word' id='word_1_94' title='bbox 667 2033 809 2080; x_wconf 89' lang='lat' dir='ltr'><strong>Anno</strong></span> <span class='ocrx_word' id='word_1_95' title='bbox 836 2030 1132 2096; x_wconf 85' lang='lat' dir='ltr'><strong>nccclxxviij.</strong></span> <span class='ocrx_word' id='word_1_96' title='bbox 1170 2029 1401 2078; x_wconf 88' lang='lat' dir='ltr'><strong>occiditur</strong></span> <span class='ocrx_word' id='word_1_97' title='bbox 1429 2028 1769 2078; x_wconf 86' lang='lat' dir='ltr'><strong>Constantinus</strong></span> <span class='ocrx_word' id='word_1_98' title='bbox 1795 2044 1875 2078; x_wconf 88' lang='lat' dir='ltr'><strong>rex</strong></span> <span class='ocrx_word' id='word_1_99' title='bbox 1906 2030 2172 2079; x_wconf 87' lang='lat' dir='ltr'><strong>Scotorum.</strong></span> 
     </span>
     <span class='ocr_line' id='line_1_16' title="bbox 832 2108 1667 2174; baseline -0.002 -14"><span class='ocrx_word' id='word_1_100' title='bbox 832 2111 938 2160; x_wconf 86' lang='lat' dir='ltr'><strong>Rex</strong></span> <span class='ocrx_word' id='word_1_101' title='bbox 967 2111 1219 2160; x_wconf 86' lang='lat' dir='ltr'><strong>Scotorum</strong></span> <span class='ocrx_word' id='word_1_102' title='bbox 1245 2108 1358 2158; x_wconf 92' lang='lat' dir='ltr'><strong>Hed</strong></span> <span class='ocrx_word' id='word_1_103' title='bbox 1381 2110 1526 2158; x_wconf 87' lang='lat' dir='ltr'><strong>frater</strong></span> <span class='ocrx_word' id='word_1_104' title='bbox 1550 2109 1667 2174; x_wconf 85' lang='lat' dir='ltr'><strong>ejus.</strong></span> 
     </span>
    </p>
   </div>
   <div class='ocr_carea' id='block_1_7' title="bbox 833 2268 2200 2562">
    <p class='ocr_par' dir='ltr' id='par_1_10' title="bbox 833 2268 1956 2417">
     <span class='ocr_line' id='line_1_17' title="bbox 833 2268 1956 2338; baseline -0.004 -16"><span class='ocrx_word' id='word_1_105' title='bbox 833 2271 1062 2338; x_wconf 85' lang='lat' dir='ltr'><strong>Ejusdem</strong></span> <span class='ocrx_word' id='word_1_106' title='bbox 1084 2272 1230 2320; x_wconf 87' lang='lat' dir='ltr'><strong>frater</strong></span> <span class='ocrx_word' id='word_1_107' title='bbox 1253 2277 1535 2336; x_wconf 85' lang='lat' dir='ltr'><strong>regnaverat</strong></span> <span class='ocrx_word' id='word_1_108' title='bbox 1561 2268 1763 2335; x_wconf 87' lang='lat' dir='ltr'><strong>Albipes</strong></span> <span class='ocrx_word' id='word_1_109' title='bbox 1789 2269 1956 2319; x_wconf 86' lang='lat' dir='ltr'><strong>Edhus</strong></span> 
     </span>
     <span class='ocr_line' id='line_1_18' title="bbox 901 2349 1936 2417; baseline -0.003 -16"><span class='ocrx_word' id='word_1_110' title='bbox 901 2353 998 2409; x_wconf 85' lang='lat' dir='ltr'><strong>Qui</strong></span> <span class='ocrx_word' id='word_1_111' title='bbox 1025 2351 1148 2417; x_wconf 87' lang='lat' dir='ltr'><strong>Grig</strong></span> <span class='ocrx_word' id='word_1_112' title='bbox 1174 2350 1433 2400; x_wconf 90' lang='lat' dir='ltr'><strong>Dofnalide</strong></span> <span class='ocrx_word' id='word_1_113' title='bbox 1458 2349 1642 2399; x_wconf 86' lang='lat' dir='ltr'><strong>saucius</strong></span> <span class='ocrx_word' id='word_1_114' title='bbox 1667 2351 1776 2398; x_wconf 87' lang='lat' dir='ltr'><strong>ense</strong></span> <span class='ocrx_word' id='word_1_115' title='bbox 1801 2351 1936 2416; x_wconf 90' lang='lat' dir='ltr'><strong>perit.</strong></span> 
     </span>
    </p>

    <p class='ocr_par' dir='ltr' id='par_1_11' title="bbox 835 2430 2200 2562">
     <span class='ocr_line' id='line_1_19' title="bbox 835 2430 2200 2498; baseline -0.001 -16"><span class='ocrx_word' id='word_1_116' title='bbox 835 2433 931 2482; x_wconf 91' lang='lat' dir='ltr'><strong>Hic</strong></span> <span class='ocrx_word' id='word_1_117' title='bbox 953 2432 1204 2498; x_wconf 91' lang='lat' dir='ltr'><strong>postquam</strong></span> <span class='ocrx_word' id='word_1_118' title='bbox 1227 2431 1431 2496; x_wconf 92' lang='lat' dir='ltr'><strong>primum</strong></span> <span class='ocrx_word' id='word_1_119' title='bbox 1454 2430 1589 2496; x_wconf 87' lang='lat' dir='ltr'><strong>regni</strong></span> <span class='ocrx_word' id='word_1_120' title='bbox 1614 2430 1985 2496; x_wconf 89' lang='lat' dir='ltr'><strong>comp[l]everat</strong></span> <span class='ocrx_word' id='word_1_121' title='bbox 2010 2449 2200 2488; x_wconf 87' lang='lat' dir='ltr'><strong>annum,</strong></span> 
     </span>
     <span class='ocr_line' id='line_1_20' title="bbox 901 2510 1817 2562; baseline -0.004 0"><span class='ocrx_word' id='word_1_122' title='bbox 901 2513 957 2562; x_wconf 91' lang='lat' dir='ltr'><strong>In</strong></span> <span class='ocrx_word' id='word_1_123' title='bbox 979 2511 1230 2562; x_wconf 80' lang='lat' dir='ltr'><strong>&#39;Stratalun</strong></span> <span class='ocrx_word' id='word_1_124' title='bbox 1254 2511 1400 2560; x_wconf 89' lang='lat' dir='ltr'><strong>vitam</strong></span> <span class='ocrx_word' id='word_1_125' title='bbox 1423 2511 1594 2559; x_wconf 85' lang='lat' dir='ltr'><strong>wlnere</strong></span> <span class='ocrx_word' id='word_1_126' title='bbox 1617 2510 1817 2559; x_wconf 89' lang='lat' dir='ltr'><strong>finierat.</strong></span> 
     </span>
    </p>
   </div>
   <div class='ocr_carea' id='block_1_8' title="bbox 607 2671 2549 2823">
    <p class='ocr_par' dir='ltr' id='par_1_12' title="bbox 607 2671 2549 2823">
     <span class='ocr_line' id='line_1_21' title="bbox 670 2671 2549 2741; baseline -0.001 -15"><span class='ocrx_word' id='word_1_127' title='bbox 670 2678 813 2726; x_wconf 91' lang='lat' dir='ltr'><strong>Anno</strong></span> <span class='ocrx_word' id='word_1_128' title='bbox 839 2674 1103 2724; x_wconf 87' lang='lat' dir='ltr'><strong>Dccclxxix.</strong></span> <span class='ocrx_word' id='word_1_129' title='bbox 1129 2691 1212 2722; x_wconf 87' lang='lat' dir='ltr'><strong>rex</strong></span> <span class='ocrx_word' id='word_1_130' title='bbox 1241 2673 1494 2722; x_wconf 84' lang='lat' dir='ltr'><strong>Scotorum</strong></span> <span class='ocrx_word' id='word_1_131' title='bbox 1521 2671 1622 2721; x_wconf 84' lang='lat' dir='ltr'><strong>Het</strong></span> <span class='ocrx_word' id='word_1_132' title='bbox 1650 2672 1816 2738; x_wconf 83' lang='lat' dir='ltr'><strong>[frater</strong></span> <span class='ocrx_word' id='word_1_133' title='bbox 1841 2673 1964 2739; x_wconf 86' lang='lat' dir='ltr'><strong>ejus]</strong></span> <span class='ocrx_word' id='word_1_134' title='bbox 1995 2674 2246 2723; x_wconf 87' lang='lat' dir='ltr'><strong>occiditur:</strong></span> <span class='ocrx_word' id='word_1_135' title='bbox 2279 2676 2382 2740; x_wconf 92' lang='lat' dir='ltr'><strong>post</strong></span> <span class='ocrx_word' id='word_1_136' title='bbox 2407 2694 2549 2741; x_wconf 84' lang='lat' dir='ltr'><strong>quem</strong></span> 
     </span>
     <span class='ocr_line' id='line_1_22' title="bbox 607 2752 1648 2823; baseline -0.006 -17"><span class='ocrx_word' id='word_1_137' title='bbox 607 2758 710 2823; x_wconf 90' lang='lat' dir='ltr'><strong>[rex</strong></span> <span class='ocrx_word' id='word_1_138' title='bbox 742 2758 1013 2807; x_wconf 89' lang='lat' dir='ltr'><strong>Scottorum</strong></span> <span class='ocrx_word' id='word_1_139' title='bbox 1041 2754 1164 2821; x_wconf 90' lang='lat' dir='ltr'><strong>Grig</strong></span> <span class='ocrx_word' id='word_1_140' title='bbox 1185 2753 1308 2803; x_wconf 90' lang='lat' dir='ltr'><strong>filius</strong></span> <span class='ocrx_word' id='word_1_141' title='bbox 1334 2752 1648 2818; x_wconf 88' lang='lat' dir='ltr'><strong>Douenaldi.]</strong></span> 
     </span>
    </p>
   </div>
   <div class='ocr_carea' id='block_1_9' title="bbox 837 2913 2107 3373">
    <p class='ocr_par' dir='ltr' id='par_1_13' title="bbox 837 2913 2107 3062">
     <span class='ocr_line' id='line_1_23' title="bbox 837 2913 2107 2984; baseline -0.002 -17"><span class='ocrx_word' id='word_1_142' title='bbox 837 2918 959 2984; x_wconf 88' lang='lat' dir='ltr'><strong>Grig</strong></span> <span class='ocrx_word' id='word_1_143' title='bbox 982 2918 1066 2966; x_wconf 89' lang='lat' dir='ltr'><strong>sua</strong></span> <span class='ocrx_word' id='word_1_144' title='bbox 1083 2916 1193 2983; x_wconf 86' lang='lat' dir='ltr'><strong>jura</strong></span> <span class='ocrx_word' id='word_1_145' title='bbox 1217 2932 1388 2982; x_wconf 83' lang='lat' dir='ltr'><strong>gerens</strong></span> <span class='ocrx_word' id='word_1_146' title='bbox 1413 2914 1549 2963; x_wconf 90' lang='lat' dir='ltr'><strong>annis</strong></span> <span class='ocrx_word' id='word_1_147' title='bbox 1573 2913 1693 2963; x_wconf 90' lang='lat' dir='ltr'><strong>deca</strong></span> <span class='ocrx_word' id='word_1_148' title='bbox 1717 2930 1799 2963; x_wconf 88' lang='lat' dir='ltr'><strong>rex</strong></span> <span class='ocrx_word' id='word_1_149' title='bbox 1822 2913 1874 2962; x_wconf 90' lang='lat' dir='ltr'><strong>fit</strong></span> <span class='ocrx_word' id='word_1_150' title='bbox 1898 2921 1946 2963; x_wconf 90' lang='lat' dir='ltr'><strong>et</strong></span> <span class='ocrx_word' id='word_1_151' title='bbox 1971 2914 2107 2964; x_wconf 70' lang='lat' dir='ltr'><strong>octo:</strong></span> 
     </span>
     <span class='ocr_line' id='line_1_24' title="bbox 903 2995 2005 3062; baseline -0.003 -16"><span class='ocrx_word' id='word_1_152' title='bbox 903 2998 959 3046; x_wconf 93' lang='lat' dir='ltr'><strong>In</strong></span> <span class='ocrx_word' id='word_1_153' title='bbox 985 2996 1253 3046; x_wconf 87' lang='lat' dir='ltr'><strong>Dunduren</strong></span> <span class='ocrx_word' id='word_1_154' title='bbox 1275 2995 1453 3062; x_wconf 87' lang='lat' dir='ltr'><strong>probus</strong></span> <span class='ocrx_word' id='word_1_155' title='bbox 1475 3001 1629 3044; x_wconf 90' lang='lat' dir='ltr'><strong>morte</strong></span> <span class='ocrx_word' id='word_1_156' title='bbox 1652 3001 1864 3044; x_wconf 87' lang='lat' dir='ltr'><strong>retentus</strong></span> <span class='ocrx_word' id='word_1_157' title='bbox 1888 3002 2005 3043; x_wconf 85' lang='lat' dir='ltr'><strong>erat.</strong></span> 
     </span>
    </p>

    <p class='ocr_par' dir='ltr' id='par_1_14' title="bbox 838 3075 1879 3223">
     <span class='ocr_line' id='line_1_25' title="bbox 838 3075 1876 3136; baseline -0.004 -9"><span class='ocrx_word' id='word_1_158' title='bbox 838 3078 934 3136; x_wconf 84' lang='lat' dir='ltr'><strong>Qui</strong></span> <span class='ocrx_word' id='word_1_159' title='bbox 957 3077 1090 3127; x_wconf 85' lang='lat' dir='ltr'><strong>dedit</strong></span> <span class='ocrx_word' id='word_1_160' title='bbox 1113 3075 1306 3126; x_wconf 89' lang='lat' dir='ltr'><strong>ecclefie</strong></span> <span class='ocrx_word' id='word_1_161' title='bbox 1330 3075 1576 3125; x_wconf 89' lang='lat' dir='ltr'><strong>libertates</strong></span> <span class='ocrx_word' id='word_1_162' title='bbox 1605 3075 1876 3132; x_wconf 84' lang='lat' dir='ltr'><strong>Scoticane,</strong></span> 
     </span>
     <span class='ocr_line' id='line_1_26' title="bbox 905 3155 1879 3223; baseline -0.003 -16"><span class='ocrx_word' id='word_1_163' title='bbox 905 3159 1013 3215; x_wconf 86' lang='lat' dir='ltr'><strong>Que</strong></span> <span class='ocrx_word' id='word_1_164' title='bbox 1037 3157 1122 3207; x_wconf 88' lang='lat' dir='ltr'><strong>sub</strong></span> <span class='ocrx_word' id='word_1_165' title='bbox 1149 3157 1396 3207; x_wconf 67' lang='lat' dir='ltr'><strong>Pictorum</strong></span> <span class='ocrx_word' id='word_1_166' title='bbox 1417 3156 1528 3223; x_wconf 85' lang='lat' dir='ltr'><strong>lege</strong></span> <span class='ocrx_word' id='word_1_167' title='bbox 1551 3155 1751 3205; x_wconf 68' lang='lat' dir='ltr'><strong>redacta</strong></span> <span class='ocrx_word' id='word_1_168' title='bbox 1773 3155 1879 3204; x_wconf 88' lang='lat' dir='ltr'><strong>fuit.</strong></span> 
     </span>
    </p>

    <p class='ocr_par' dir='ltr' id='par_1_15' title="bbox 838 3236 2036 3373">
     <span class='ocr_line' id='line_1_27' title="bbox 838 3236 2036 3304; baseline -0.002 -18"><span class='ocrx_word' id='word_1_169' title='bbox 838 3237 995 3303; x_wconf 85' lang='lat' dir='ltr'><strong>Hujus</strong></span> <span class='ocrx_word' id='word_1_170' title='bbox 1019 3237 1081 3286; x_wconf 87' lang='lat' dir='ltr'><strong>ad</strong></span> <span class='ocrx_word' id='word_1_171' title='bbox 1104 3237 1355 3303; x_wconf 88' lang='lat' dir='ltr'><strong>imperium</strong></span> <span class='ocrx_word' id='word_1_172' title='bbox 1376 3237 1468 3286; x_wconf 86' lang='lat' dir='ltr'><strong>fuit</strong></span> <span class='ocrx_word' id='word_1_173' title='bbox 1493 3236 1674 3304; x_wconf 83' lang='lat' dir='ltr'><strong>Anglia</strong></span> <span class='ocrx_word' id='word_1_174' title='bbox 1696 3243 1799 3285; x_wconf 85' lang='lat' dir='ltr'><strong>tota</strong></span> <span class='ocrx_word' id='word_1_175' title='bbox 1822 3236 2036 3302; x_wconf 66' lang='lat' dir='ltr'><strong>peracta,</strong></span> 
     </span>
     <span class='ocr_line' id='line_1_28' title="bbox 905 3315 2029 3373; baseline -0.004 -7"><span class='ocrx_word' id='word_1_176' title='bbox 905 3317 1051 3373; x_wconf 84' lang='lat' dir='ltr'><strong>Quod</strong></span> <span class='ocrx_word' id='word_1_177' title='bbox 1074 3333 1171 3366; x_wconf 92' lang='lat' dir='ltr'><strong>non</strong></span> <span class='ocrx_word' id='word_1_178' title='bbox 1193 3317 1300 3366; x_wconf 89' lang='lat' dir='ltr'><strong>leva</strong></span> <span class='ocrx_word' id='word_1_179' title='bbox 1325 3316 1457 3366; x_wconf 89' lang='lat' dir='ltr'><strong>dedit</strong></span> <span class='ocrx_word' id='word_1_180' title='bbox 1479 3317 1576 3365; x_wconf 86' lang='lat' dir='ltr'><strong>sors</strong></span> <span class='ocrx_word' id='word_1_181' title='bbox 1598 3315 1682 3365; x_wconf 90' lang='lat' dir='ltr'><strong>fibi</strong></span> <span class='ocrx_word' id='word_1_182' title='bbox 1706 3315 1833 3365; x_wconf 84' lang='lat' dir='ltr'><strong>bella</strong></span> <span class='ocrx_word' id='word_1_183' title='bbox 1855 3322 2029 3363; x_wconf 88' lang='lat' dir='ltr'><strong>terens.</strong></span> 
     </span>
    </p>
   </div>
  </div>
 </body>
</html>
