2852 3874
576 515 666 560 102
1035 503 1461 556 CHRONICA
1504 502 1606 552 DE
1651 475 2036 552 MAILROS.
2190 502 2323 553 A.D.
2354 508 2495 559 1194.

578 648 845 712 Rotomago
869 661 976 694 cum
1000 660 1075 692 xx.
1100 650 1283 691 tantum
1307 639 1544 706 equitibus
1565 637 1826 688 Robertum
1844 640 2066 688 comitem
2083 637 2338 691 Leicestrie
2354 643 2508 706 pueri-

574 728 678 776 liter
702 724 931 791 egrefl'um
954 722 1002 770 in
1024 721 1134 770 filva
1156 720 1322 775 leonis,
1347 720 1472 768 circa
1505 718 1675 767 festum
1699 718 1848 766 sancti
1874 717 2050 766 Botulfi
2090 717 2223 784 [Jun.
2247 717 2349 784 17],
2384 720 2509 786 cepit

575 814 622 854 et
660 803 785 869 apud
826 801 1074 865 Estampes
1114 798 1434 848 incarceravit.
1506 797 1611 847 Rex
1644 796 1820 864 Anglie
1857 797 2043 846 interim
2078 796 2285 847 Mirabel
2316 797 2519 863 opidum.

578 883 734 931 Gallie
753 882 893 946 cepit,
919 879 1108 945 dejecit,
1133 885 1181 927 et
1205 878 1267 926 ad
1290 885 1463 927 terram
1485 877 1759 943 prostravit;
1784 875 1956 926 deinde
1979 876 2172 925 veniens
2190 875 2510 926 Vendomium

575 977 735 1027 regem
756 959 954 1008 Francie
978 965 1224 1025 parantem
1242 957 1418 1006 ibidem
1436 955 1724 1006 obsidionem
1741 955 1926 1022 fugavit
1944 963 1992 1005 et
2009 955 2228 1004 vehicula
2243 954 2384 1022 ipfius
2402 972 2510 1005 cum

574 1039 758 1104 magnis
782 1038 950 1104 opibus
982 1046 1029 1086 et
1061 1037 1244 1103 capella
1275 1037 1358 1085 sua
1389 1037 1530 1102 cepit,
1554 1036 1619 1101 iij.
1644 1053 1795 1085 nonas
1818 1035 1932 1085 Julii
1968 1034 2085 1101 [Jul.
2111 1035 2164 1101 5]
2199 1035 2303 1101 post
2332 1051 2512 1101 paucos

576 1119 675 1168 dies
702 1117 892 1166 Luches
926 1116 1127 1165 castrum
1162 1117 1295 1164 suum
1329 1114 1622 1164 combustum
1656 1115 1933 1163 miraculose
1967 1115 2186 1180 optinuit,
2217 1113 2511 1181 fugientibus

575 1197 844 1246 custodibus
867 1196 991 1262 regis
1019 1195 1176 1244 Gallie
1200 1195 1361 1261 ignem
1384 1210 1526 1259 quern
1550 1193 1633 1260 ipfi
1657 1195 1985 1260 apposuerant.

643 1276 894 1341 Dompnus
920 1274 978 1324 R.
1004 1275 1082 1340 vij.
1109 1274 1257 1323 abbas
1281 1273 1341 1322 de
1367 1273 1547 1322 Melros
1572 1290 1733 1322 curam
1761 1273 2042 1339 pastoralem
2065 1272 2214 1339 figillo
2238 1273 2322 1322 suo
2348 1272 2510 1322 abbati

579 1355 637 1403 E.
655 1355 714 1403 de
732 1354 948 1403 Rieualle
966 1354 1202 1402 humiliter
1217 1353 1475 1418 affignavit,
1490 1353 1665 1401 scilicet
1682 1370 1757 1401 xv.
1773 1352 2003 1401 kalendas
2022 1351 2247 1402 Octobris
2265 1352 2404 1418 [Sep.
2427 1352 2508 1418 17]

576 1434 624 1481 id
648 1433 715 1482 est
738 1433 954 1490 sabbato,
980 1433 1055 1482 cui
1079 1432 1285 1481 succeffit
1309 1432 1542 1497 dompnus
1576 1431 1810 1481 Radulfus
1846 1431 1995 1480 abbas
2027 1431 2087 1480 de
2114 1431 2281 1481 Kinlos
2308 1432 2428 1482 feria
2461 1432 2510 1496 ij.

575 1513 622 1560 id
648 1513 714 1561 est
738 1512 850 1577 xiiij.
875 1511 1103 1560 kalendas
1124 1510 1374 1560 oaobrisz
1401 1510 1539 1575 [sep.
1571 1510 1671 1575 18].
1894 1496 1910 1509 '

644 1591 803 1639 Adam
836 1590 984 1639 abbas
1016 1590 1076 1638 de
1104 1589 1295 1654 Cupero
1327 1590 1374 1637 se
1399 1589 1605 1645 dimifiw
1627 1588 1866 1637 Ernaldus
1899 1589 2024 1654 prior
2056 1588 2115 1637 de
2147 1587 2381 1638 Neubotil
2412 1590 2512 1638 suc·

576 1668 715 1718 ceffit.

642 1748 784 1796 Anno
809 1764 1016 1796 M.c.xcv.
1050 1747 1166 1796 obiit
1199 1746 1461 1813 Gregorius
1498 1747 1744 1812 episcopus
1776 1746 1836 1795 de
1876 1745 2196 1803 Rosmarkin‚b
2232 1746 2336 1812 post
2370 1764 2513 1813 quem

576 1827 758 1875 electus
782 1826 849 1875 est
872 1826 1104 1891 dompnus
1125 1825 1435 1875 Reinaldusbb
1458 1825 1719 1875 monachus
1743 1826 1803 1874 de
1824 1825 2003 1874 Melros
2028 1826 2156 1891 apud
2182 1825 2513 1876 Dunfermelin

577 1906 641 1970 iij.
678 1905 906 1954 kalendas
940 1906 1102 1954 Martii
1145 1906 1284 1971 [Feb.
1311 1905 1397 1970 27]
1438 1905 1558 1953 feria
1588 1905 1636 1970 ij.
1674 1906 1755 1970 qui
1787 1913 1835 1953 et
1866 1906 2163 1954 consecratus
2196 1905 2263 1953 est
2294 1906 2377 1971 iiij.
2409 1906 2515 1955 idus

581 1984 885 2050 Septembris.
959 1984 1004 2032 O
1028 1985 1146 2032 mira
1172 1985 1270 2033 Dei
1295 1983 1528 2049 dispofitio
1553 1984 1613 2033 de
1637 2000 1733 2049 qua
1756 1983 1968 2049 procefflt
1991 1984 2098 2032 talis
2123 1984 2325 2032 electio!

646 2063 780 2111 Obiit
806 2062 988 2112 Ηυοιοο
1018 2063 1262 2127 episcopus
1302 2062 1665 2111 Dunholmenfis
1702 2080 1745 2110 v.
1775 2079 1926 2111 nonas
1951 2062 2114 2111 Martii
2143 2062 2290 2128 [Mar.
2317 2062 2369 2128 3]
2396 2064 2515 2112 feria

578 2142 638 2206 vj.
665 2142 961 2206 episcopatus
984 2142 1051 2189 sui
1077 2158 1200 2189 anno
1225 2141 1337 2206 xliij.

648 2219 705 2267 R.
727 2220 907 2269 electus
931 2220 990 2268 de
1012 2219 1281 2269 Rosmarkis
1306 2220 1668 2269 consecrationis
1690 2236 1861 2268 munus
1885 2220 2013 2285 apud
2036 2221 2251 2270 sanctum
2272 2220 2515 2270 Andream

578 2300 626 2346 in
655 2299 825 2347 Scocia
847 2299 929 2364 iiij.
955 2299 1060 2348 idus
1089 2298 1379 2364 Septembris
1402 2299 1541 2365 [Sep.
1567 2299 1647 2364 10]
1671 2299 1748 2348 die
1764 2299 2017 2356 dominica,
2037 2300 2276 2365 adompno
2295 2300 2515 2350 Johanne

581 2378 797 2443 episcopo
819 2378 1073 2427 Dunkelde
1097 2395 1205 2426 cum
1228 2378 1405 2427 honore
1429 2379 1642 2443 suscepit.

647 2456 858 2505 Ecclesia
889 2458 1037 2506 sancti
1072 2458 1263 2506 Andree
1299 2457 1494 2522 apostoli
1519 2457 1579 2506 de
1614 2457 1783 2507 Pebles
1807 2457 2028 2507 dedicata
2051 2458 2119 2506 est
2143 2475 2171 2506 a
2195 2458 2402 2524 dompno
2434 2458 2514 2508 Jo-

582 2535 733 2584 celino
757 2536 976 2602 episcopo
999 2535 1286 2592 Glascuenfi,
1311 2537 1392 2601 iiij.
1418 2536 1649 2585 kalendas
1664 2536 1950 2585 Novembris
1978 2536 2112 2602 [Oct.
2133 2536 2240 2602 29],
2265 2536 2344 2586 die
2368 2537 2514 2587 domi-

582 2631 703 2663 nica.

651 2693 917 2742 Willelmus
941 2710 1022 2742 rex
1051 2695 1321 2743 Scottorum
1344 2695 1584 2743 innovavit
1608 2702 1848 2743 monetam
1871 2695 2017 2743 suam.

649 2771 791 2820 Anno
814 2774 1048 2839 M.c.xcvj.
1091 2773 1208 2822 obiit
1242 2774 1463 2840 magister
1498 2774 1740 2823 Johannes
1771 2774 1832 2823 de
1865 2773 2171 2824 Rokesburch
2201 2774 2516 2824 thesaurarius

583 2852 642 2900 de
668 2850 850 2917 Glasgu
884 2852 1012 2918 apud
1049 2852 1243 2909 Melros,
1279 2853 1490 2902 novicius
1514 2853 1723 2919 ejusdem
1751 2853 1934 2910 domus,
1969 2853 2053 2919 iiij.
2078 2870 2229 2903 nonas
2254 2853 2513 2904 Februarii.

588 2929 1078 3060 [ngiffwfflelmus
1102 3010 1163 3059 de
1189 3010 1442 3060 Moreuilla
1465 3010 1835 3061 constabularius
1858 3012 1984 3077 regis
2012 3011 2297 3062 Scottorum.

632 3155 647 3170 ⁵
665 3155 745 3191 The
763 3157 847 3192 leth
863 3158 905 3192 of
918 3159 1122 3206 September
1136 3160 1196 3196 fell
1212 3172 1309 3208 upon
1321 3172 1343 3197 a
1361 3161 1515 3208 Sunday.
1660 3162 1741 3207 (32)
1759 3159 1775 3176 ⁸
1793 3160 2013 3206 Concerning
2026 3159 2090 3196 the
2105 3158 2222 3208 defeat
2237 3158 2281 3195 of
2289 3158 2353 3195 the
2371 3158 2464 3205 King
2480 3159 2522 3194 of

589 3211 741 3251 manem
767 3223 826 3247 see
850 3213 950 3260 Vezty,
968 3215 1016 3250 iii.
1035 3217 1116 3251 386.
1307 3216 1324 3237 υ
1345 3217 1414 3253 See
1430 3215 1747 3257 Hooea.f01.427;
1775 3217 1888 3258 Κεῖαι,
1907 3228 1944 3262 p.
1965 3217 2044 3251 185.
2246 3213 2283 3236 δῦ
2303 3213 2514 3261 Reginaldus

587 3264 700 3302 dictus
720 3265 850 3303 Macer.
900 3268 1030 3305 Hwed.
1047 3269 1109 3306 fol.
1127 3270 1209 3308 427.
1353 3270 1368 3286 ⁰
1390 3270 1499 3318 Hugh
1517 3270 1669 3318 Pudsey.
1723 3270 1792 3308 see
1808 3271 1939 3308 Hoved.
1956 3269 2019 3307 fol.
2035 3269 2120 3308 427.
