2904 3886
204 1209 266 1244 fol.
285 1212 342 1245 69.
358 1211 392 1245 b.

432 503 749 554 -A.D.1268.
912 501 1339 554 CHRoNrcA
1384 502 1478 552 DE
1525 501 1906 583 MA1LRos.
2287 476 2382 558 2'09

437 646 601 712 itaque
637 643 929 696 dormitionis
964 646 1011 695 in
1041 643 1235 695 Simone
1270 653 1371 694 erat
1405 661 1576 711 pauca,
1612 645 1838 710 quoniam
1872 645 2120 711 frugalitas
2156 644 2258 709 ejus
2292 645 2380 692 fuit

438 742 630 792 magna,
655 743 798 791 parca
821 733 997 775 tamen.
1070 725 1134 774 Et
1157 724 1221 774 fic
1244 732 1570 790 comparatum
1593 723 1825 774 habemus
1854 725 2096 773 Simonem
2118 725 2378 790 frugalitati

438 806 618 861 sanfilze,
634 806 859 871 quoniam
876 803 1056 854 sobrius
1074 805 1176 870 ejus
1190 805 1345 853 victus
1362 804 1566 853 sobrium
1581 804 1866 870 sequebatur
1879 805 2141 868 sompnum,
2160 812 2212 852 ut
2227 804 2379 852 verbis

439 884 704 933 sanctissimi
729 892 836 934 utar
861 884 1106 933 Bernardi.
1163 884 1240 932 De
1264 882 1539 949 frugalitate
1563 900 1674 932 vero
1698 883 1902 932 Simonis
1930 884 2056 932 Petri
2082 892 2213 948 patet
2235 884 2378 948 paulo

439 971 565 1020 ante,
591 963 651 1012 de
682 981 779 1030 qua
813 964 909 1029 ipse
932 963 1195 1029 procedens
1218 963 1412 1011 ulterius
1436 962 1621 1010 videtur
1655 963 1800 1027 loqui,
1826 979 1934 1010 curn
1967 963 2079 1011 dicit
2112 964 2191 1011 ubi
2224 965 2376 1028 supra,

438 1055 468 1075 “
488 1063 589 1102 nos,
626 1047 674 1095 id
709 1046 777 1095 est
811 1063 904 1111 ego
929 1052 978 1094 et
1010 1045 1155 1094 frater
1189 1061 1324 1093 meus
1355 1061 1610 1109 germanus
1637 1044 1869 1100 Andreas,
1896 1062 1924 1092 a
1955 1063 2118 1110 puero,
2143 1047 2317 1094 scilicet
2350 1063 2378 1094 a

437 1126 653 1190 pueritia,
678 1125 815 1173 valde
840 1125 1060 1190 pauperis
1091 1124 1370 1172 crevimus.”
1444 1123 1573 1171 Ecce
1604 1124 1853 1188 frugalitas
1881 1124 2006 1172 Petri
2037 1126 2220 1173 initiata
2244 1143 2272 1173 a
2295 1127 2377 1173 sua

436 1212 716 1270 paupertate
741 1204 989 1259 matutina,
1015 1220 1108 1268 que
1133 1203 1296 1268 postea
1321 1202 1545 1250 decorata
1567 1203 1657 1250 fuit
1684 1203 1732 1250 in
1757 1203 1881 1251 scola
1911 1203 2081 1251 Christi
2105 1205 2377 1270 frugalitate

434 1300 542 1332 vere
574 1284 852 1339 sanctitatis,
875 1282 1002 1331 unde
1038 1282 1168 1347 quafi
1199 1283 1338 1330 unius
1374 1282 1740 1347 comparationis
1772 1283 1931 1347 quoad
1966 1283 2289 1348 frugalitatem
2315 1285 2378 1331 vi-

434 1363 603 1412 dentur
638 1363 731 1412 effe
767 1364 1003 1411 consortes
1028 1362 1122 1410 duo
1153 1362 1386 1417 Simones,
1422 1362 1549 1410 salva
1583 1362 1850 1427 majoritate
1883 1363 2096 1427 apostoli,
2122 1380 2215 1428 que
2247 1365 2377 1411 suam

426 1443 757 1509 frugalitatem
776 1443 954 1507 recepit
974 1459 1031 1490 ex
1049 1441 1203 1490 verbis
1224 1441 1419 1489 Domini
1438 1441 1637 1489 dicentis
1662 1450 1692 1470 ‘⁶
1707 1441 1865 1490 videte
1883 1459 1943 1490 ne
1962 1450 2216 1507 graventur
2235 1444 2378 1491 corda

433 1522 585 1571 vestra
608 1522 803 1587 crapula
827 1529 875 1569 et
910 1521 1140 1569 ebrietate
1152 1523 1197 1577 ;”
1235 1537 1329 1585 que
1365 1520 1460 1568 duo
1484 1520 1611 1568 mala
1644 1520 1704 1568 ab
1729 1529 1930 1586 utroque
1961 1522 2153 1570 Simone
2189 1524 2378 1571 fuerunt

433 1602 675 1668 elongata.
750 1601 891 1649 Unde
935 1601 1098 1649 Simon
1137 1600 1404 1650 scolasticus
1441 1599 1610 1648 Christi
1643 1601 1796 1665 potuit
1836 1601 1992 1649 dicere
2036 1602 2094 1649 ad
2135 1602 2375 1650 Simonem

434 1681 631 1730 militem
654 1681 840 1736 Christi,
859 1680 892 1728 fi
915 1680 1102 1728 fuifi'ent
1121 1680 1521 1744 contemporanei,
1541 1680 1655 1727 illud
1680 1680 1874 1728 verbum
1898 1681 2026 1744 quod
2052 1682 2117 1729 ait
2140 1681 2375 1730 Clementi

432 1761 660 1826 discipulo
686 1762 782 1816 suo,
808 1760 889 1809 ubi
913 1761 1066 1824 supra,
1093 1768 1122 1789 “
1142 1759 1282 1807 miror
1307 1776 1364 1807 ac
1387 1759 1541 1824 magis
1565 1766 1612 1807 te
1636 1759 1819 1807 laud0”
1849 1760 1975 1824 (erat
2000 1761 2124 1808 enim
2153 1761 2376 1810 Clemens

433 1858 559 1906 papa
590 1841 650 1889 de
681 1840 897 1906 prosapia
935 1839 1164 1904 inperiali,
1198 1846 1246 1887 et
1283 1838 1446 1887 Simon
1479 1855 1639 1887 comes
1671 1839 1731 1887 de
1762 1839 1959 1887 stemate
1997 1839 2171 1905 regali)
2212 1850 2375 1906 “quo-

433 1919 575 1969 modo
595 1937 702 1969 cum
726 1928 778 1968 tu
802 1919 858 1968 fis
883 1920 949 1967 vir
973 1919 1119 1967 multe
1136 1918 1460 1966 habundantie
1485 1919 1678 1967 veniens
1703 1919 1764 1967 ad
1783 1936 1869 1968 nos
1893 1927 1991 1968 tam
2010 1921 2103 1969 cito
2127 1923 2374 1970 transferre

433 2008 480 2048 et
510 2007 674 2065 aptare
698 2007 746 2048 te
770 1999 979 2064 potueris
1012 1999 1072 2047 ad
1108 1999 1230 2046 hanc
1254 1999 1399 2046 vitam
1433 1998 1653 2054 nostram,
1679 2016 1773 2063 que
1805 2000 1910 2048 solis
1934 2000 2078 2048 utitur
2109 2001 2374 2049 necessariis

431 2079 738 2144 paupertatis,
770 2095 866 2126 non
890 2079 1194 2143 voluptatis.'’
1267 2077 1375 2126 Nec
1406 2078 1574 2125 mirum
1599 2078 1666 2126 est
1690 2077 1722 2126 fi
1748 2079 2022 2143 arripientes
2046 2080 2171 2128 viam
2196 2081 2374 2146 justitie

430 2166 620 2223 propter
647 2159 827 2214 Deum,
853 2158 1030 2206 donum
1054 2159 1400 2222 consequantur
1430 2157 1716 2222 frugalitatis
1739 2159 1970 2223 perfecte,
1995 2176 2238 2225 nunquam
2263 2161 2375 2209 defi-

431 2239 598 2287 cientis
623 2255 651 2286 a
674 2245 803 2286 meta
827 2237 978 2285 sobrie
1006 2238 1245 2293 mensure3
1283 2254 1390 2284 cum
1413 2237 1631 2302 legamus
1655 2238 1862 2302 quedam
1887 2239 2109 2288 animalia
2132 2240 2374 2289 irrationa—

431 2317 545 2366 bilia
567 2335 738 2366 munus
756 2325 888 2366 tante
914 2317 1193 2365 abstinentie
1219 2316 1340 2365 adeo
1365 2317 1578 2381 perfecte
1605 2317 1833 2382 accepisse
1858 2336 1887 2366 a
1908 2318 2036 2374 Deo,
2056 2327 2107 2367 ut
2131 2337 2373 2385 nunquam

432 2397 591 2445 vivant
615 2413 673 2444 ex
698 2397 858 2461 aliquo
883 2397 1107 2444 alimento
1132 2396 1340 2460 coporali
1364 2395 1479 2443 ficut
1504 2404 1662 2444 cetera
1687 2398 1961 2446 animantia.
2022 2398 2161 2446 Unde
2186 2400 2373 2447 Solinus

432 2483 590 2524 narrat
621 2476 669 2523 in
700 2475 818 2523 libro
845 2475 904 2523 de
931 2475 1231 2523 Mirabilibus
1254 2475 1433 2529 mundi,
1459 2476 1666 2539 capitulo
1700 2476 1951 2524 centesimo
1975 2477 2104 2542 lxiiij.
2132 2478 2191 2526 de
2217 2495 2372 2527 cama-

431 2556 606 2610 leonte,
644 2555 834 2603 animali
866 2554 1192 2619 quadrupede,
1217 2554 1346 2618 quod
1378 2554 1480 2619 ejus
1511 2563 1680 2603 natura
1702 2555 1810 2604 talis
1839 2556 1906 2603 est
1938 2564 1989 2604 ut
2022 2573 2179 2621 neque
2215 2558 2372 2606 cibum

433 2635 591 2700 capiat
624 2651 781 2699 neque
813 2641 929 2699 potu
954 2634 1121 2688 alatur,
1157 2650 1247 2681 nec
1279 2633 1371 2681 alio
1397 2633 1621 2682 alimento
1646 2635 1757 2682 vivit
1782 2652 1925 2700 quam
1958 2635 2125 2683 haustu
2150 2638 2286 2692 aeris,
2312 2638 2372 2685 ad

432 2730 576 2780 quem
607 2713 753 2761 habet
787 2713 968 2761 hiatum
1001 2720 1230 2769 eternum,
1261 2720 1309 2761 et
1339 2719 1499 2760 tamen
1535 2713 1679 2762 habet
1712 2731 1902 2762 carnem
1934 2723 1981 2763 et
2016 2717 2291 2781 sanguinem
2324 2726 2371 2765 et

434 2794 622 2848 viscera,
647 2801 700 2841 ut
731 2792 873 2840 tradit
907 2792 1086 2840 Plinius
1120 2792 1240 2839 libro
1264 2792 1358 2857 viij.
1393 2793 1601 2857 capitulo
1634 2794 1795 2858 xxiiij„
1832 2802 1880 2842 et
1915 2795 2027 2842 dicit
2062 2795 2191 2860 quod
2226 2796 2371 2845 habet

433 2889 623 2921 carnem
655 2873 702 2919 in
727 2872 882 2936 capite
915 2878 962 2919 et
993 2871 1194 2920 maxillis
1218 2878 1266 2919 et
1289 2878 1442 2919 totum
1473 2872 1750 2937 sanguinem
1775 2873 1981 2938 corporis
2006 2875 2072 2922 sui
2104 2875 2151 2922 in
2183 2876 2371 2924 modica

434 2951 588 3000 cauda
612 2967 756 3016 quam
780 2950 917 3016 gerit,
943 2957 991 2998 et
1014 2956 1174 2998 tamen
1198 2967 1306 2998 cum
1329 2949 1383 2998 fit
1411 2950 1617 2999 maxima
1641 2951 1803 3007 bestia,
1829 2960 1881 3000 ut
1908 2953 2004 3018 ipse
2029 2953 2142 3002 dicit
2164 2955 2283 3004 libro
2306 2957 2368 3021 xj.

434 3030 680 3079 Naturalis
698 3029 916 3094 hystorie,
933 3029 1141 3093 capitulo
1160 3029 1347 3094 xxxviij.
1368 3028 1509 3077 nichil
1529 3029 1674 3078 habet
1692 3030 1813 3079 intra
1831 3033 1878 3080 se
1896 3040 2053 3097 preter
2067 3034 2369 3091 vacuitatem,

432 3127 527 3175 que
558 3126 653 3158 non
678 3109 881 3157 creditur
906 3107 998 3156 effe
1021 3107 1116 3156 fine
1141 3125 1267 3164 aere,
1292 3109 1518 3173 quoniam
1541 3116 1594 3156 ut
1625 3109 1721 3174 ipse
1746 3110 1858 3159 dicit
1894 3112 1942 3159 in
1964 3111 2083 3160 libro
2106 3113 2219 3179 viij„
2245 3116 2370 3180 capi-

432 3189 532 3237 tulo
556 3188 750 3254 xxxiiij„
769 3189 949 3252 semper
972 3187 1108 3236 hians
1126 3187 1271 3236 habet
1289 3204 1342 3236 os
1367 3188 1427 3236 ad
1451 3188 1726 3237 alimentum
1750 3191 1886 3247 aeris,
1904 3190 2000 3240 fine
2018 3193 2157 3243 ullius
2181 3194 2370 3244 alterius

434 3264 542 3315 usus
564 3268 831 3317 ministerio.
895 3267 1017 3316 Sunt
1041 3274 1089 3316 et
1113 3267 1206 3316 alia
1230 3267 1488 3316 animantia
1511 3285 1605 3334 que
1629 3269 1789 3318 vivunt
1814 3270 1990 3338 absque
2015 3272 2248 3323 alimentis
2272 3291 2370 3324 cor-

931 3350 961 3395 2
986 3362 1020 3396 1)
