2904 3886
154 1538 214 1573 fol.
233 1540 290 1573 52.
306 1540 339 1573 b.

393 504 527 557 A.D·.
560 500 702 554 1245.
867 503 1294 556 CHRONICA
1337 504 1439 554 DE
1489 503 1877 555 MAILROS.
2240 513 2331 562 175

391 657 440 697 et
463 648 740 714 ampullosa,
762 664 857 697 non
893 648 1048 697 minus
1073 665 1133 696 ex
1167 647 1309 713 ipfius
1337 647 1517 696 infliete
1546 663 1670 713 pene
1694 647 1954 698 severitatis
1977 648 2226 704 sententia,
2251 667 2333 714 per

390 744 536 793 quam
557 728 813 794 imperator
839 727 1100 784 Romanus,
1123 727 1378 792 imperialis
1399 726 1573 783 rector,
1597 734 1645 778 et
1669 726 1888 776 dominus
1918 727 2192 792 majestatis,
2223 729 2329 778 laese

390 807 648 873 majestatis
671 807 865 857 crimine
896 807 1067 856 dicitur
1089 807 1448 862 condemnatus,
1472 823 1556 872 per
1580 823 1726 872 quam
1756 806 2003 862 ridiculose
2025 807 2122 873 legi
2146 808 2330 874 subjici·

388 887 480 943 tur,
504 887 586 953 qui
612 887 801 953 legibus
825 886 1044 935 omnibus
1066 886 1370 952 imperialiter
1392 886 1461 934 est
1483 886 1676 942 solutus,
1695 885 1756 935 de
1778 903 1875 952 quo
1898 888 2184 952 temporales
2207 905 2329 953 pene

388 967 615 1016 sumende
644 983 740 1015 non
774 967 879 1015 sunt
906 966 955 1014 in
986 966 1179 1014 homine
1205 965 1287 1014 sed
1317 965 1365 1013 in
1391 964 1517 1020 Deo,
1546 981 1656 1014 cum
1686 966 1996 1031 temporalem
2027 983 2122 1015 non
2154 967 2330 1017 habeat

387 1046 688 1111 superiorem,
713 1046 974 1111 spirituales
998 1051 1160 1093 autem
1178 1061 1326 1109 penas
1349 1061 1433 1109 per
1456 1043 1772 1093 sacerdotales
1794 1044 1932 1093 nobis
1955 1047 2240 1110 penitentias
2264 1049 2330 1095 in-

386 1125 628 1181 dicendas,
637 1132 736 1173 tam
751 1141 835 1190 pro
850 1131 1126 1188 contemptu
1142 1123 1344 1172 clavium
1363 1139 1508 1188 quam
1522 1139 1608 1188 pro
1625 1123 1727 1172 aliis
1742 1125 2107 1189 transgressionis
2122 1126 2328 1175 humane

385 1205 611 1268 peccatis,
635 1204 812 1253 nedum
837 1220 867 1252 a
888 1204 1070 1251 summo
1093 1203 1317 1268 pontifice
1342 1218 1486 1268 quem
1510 1203 1558 1250 in
1583 1202 1899 1268 spiritualibus
1923 1212 2106 1268 patrem
2123 1206 2329 1254 nostrum

385 1291 433 1331 et
456 1283 699 1332 dominum
722 1283 1010 1348 profitemur,
1034 1282 1069 1330 fi
1091 1290 1253 1331 tamen
1277 1282 1375 1347 ipse
1397 1299 1485 1330 nos
1507 1282 1655 1330 filium
1686 1282 1847 1331 debita
1872 1283 2100 1332 relatione
2134 1287 2329 1349 cognos-

385 1370 485 1418 cat3
516 1363 598 1411 sed
629 1380 713 1428 per
737 1361 971 1428 quossibet
1001 1362 1270 1411 sacerdotes
1302 1370 1571 1411 reverenter
1603 1361 1877 1427 accipimus,
1910 1371 1957 1411 et
1983 1363 2153 1412 devote
2180 1366 2329 1413 serva-

384 1459 504 1491 mus.
575 1441 652 1491 Ex
687 1442 860 1508 quibus
895 1441 1115 1491 omnibus
1149 1441 1398 1490 manifeste
1428 1442 1595 1507 liquet,
1637 1459 1783 1507 quam
1817 1443 2144 1508 ignominiose,
2186 1462 2329 1509 quam

384 1522 552 1586 injuste
576 1521 824 1570 habendos
846 1538 934 1570 nos
958 1521 1019 1570 de
1043 1521 1281 1570 catholica
1308 1521 1402 1571 fide
1436 1521 1694 1586 suspectOS,
1727 1538 1871 1586 quam
1895 1539 1997 1578 nos,
2022 1522 2139 1571 teste
2175 1525 2329 1588 supre-

384 1618 463 1649 mo
493 1601 671 1666 judice,
709 1601 757 1648 in
789 1601 1009 1650 omnibus
1049 1608 1097 1649 et
1136 1601 1184 1648 in
1215 1599 1408 1666 singulis
1443 1600 1654 1665 ejusdem
1689 1601 1799 1649 fidei
1836 1602 2043 1651 articulis
2074 1603 2327 1652 secundem

386 1681 655 1729 universalis
687 1679 881 1728 ecclefie
913 1680 1205 1745 disciplinam
1240 1687 1288 1728 et
1320 1679 1634 1745 approbatum
1666 1696 1750 1744 per
1785 1679 2052 1729 Romanam
2083 1682 2327 1730 ecclesiam

387 1760 665 1823 symbolum,
689 1760 882 1808 firmiter
906 1759 1142 1808 credimus
1165 1767 1213 1808 et
1235 1759 1504 1825 fimpliciter
1528 1759 1821 1808 confitemur.

451 1839 686 1888 Advertat
717 1840 860 1905 igitur
890 1839 1114 1887 industria
1137 1839 1303 1894 vestra,
1335 1838 1369 1888 fi
1397 1838 1627 1903 praedic'ta
1660 1840 1791 1887 nulla
1821 1840 2052 1888 sententia
2084 1842 2181 1906 ipso
2203 1843 2326 1906 jure,

383 1918 618 1983 processus
642 1920 740 1984 ipso
760 1919 867 1984 jure
890 1918 1061 1974 nullus,
1085 1935 1181 1967 non
1204 1919 1359 1984 magis
1383 1919 1431 1967 in
1455 1919 1659 1967 nostram
1684 1936 1829 1984 quam
1853 1920 1900 1967 in
1926 1921 2134 1968 omnium
2159 1938 2325 1987 regum

383 2006 432 2046 et
455 1998 734 2063 principum,
760 2015 817 2046 ac
848 1997 1165 2063 quarumlibet
1188 1997 1520 2063 temporalium
1553 1998 1839 2063 dignitatum
1870 1999 2128 2064 perniciem
2152 2001 2326 2049 debeat

382 2077 631 2133 observari,
657 2094 802 2143 quam
829 2078 960 2126 nulla
987 2077 1244 2126 Germanie
1273 2077 1554 2143 principum,
1580 2095 1609 2125 a
1641 2077 1813 2143 quibus
1842 2078 2072 2134 assumtio,
2100 2079 2247 2128 status
2279 2090 2326 2128 et

383 2156 609 2222 deprefflo
632 2157 788 2205 nostra
812 2157 1098 2223 dependent,
1123 2156 1370 2222 praesentia
1393 2157 1467 2205 vel
1492 2156 1681 2205 confilia
1704 2157 2019 2206 firmaverunt.
2094 2159 2325 2208 Advertat

381 2244 430 2284 et
454 2236 599 2292 aliud,
623 2236 776 2302 qualis
800 2253 859 2286 ex
882 2236 978 2286 istis
1002 2236 1145 2284 initiis
1168 2236 1321 2285 exitus
1346 2236 1648 2301 expectetun
1674 2254 1703 2285 a
1725 2236 1863 2286 nobis
1887 2238 2121 2302 incipitur,
2146 2239 2226 2286 sed
2242 2256 2324 2304 pro

382 2323 510 2363 certo
534 2316 756 2364 noveritis
780 2315 909 2382 quod
926 2316 975 2364 in
999 2316 1101 2364 aliis
1119 2316 1312 2381 regibus
1336 2323 1384 2364 et
1401 2315 1690 2381 principibus
1720 2317 1921 2372 finietur,
1947 2335 1976 2365 a
2004 2317 2176 2382 quibus
2207 2319 2325 2383 pub-

382 2395 473 2442 lice
504 2395 779 2460 gloriantur,
817 2395 1124 2444 refistentiam
1159 2395 1368 2461 aliquam
1401 2396 1595 2444 minime
1629 2397 1899 2452 formidare,
1930 2396 1964 2444 fi
1994 2397 2148 2462 (quod
2181 2398 2321 2461 abfit)

383 2472 532 2537 pofl'et
555 2490 638 2538 per
661 2474 785 2539 ipsos
807 2475 964 2523 nostra
994 2475 1209 2539 potentia
1235 2475 1451 2540 primitus
1474 2476 1756 2524 conculcari.
1830 2475 1986 2541 Regni
2021 2477 2163 2542 igitur
2186 2478 2320 2525 vestri

378 2552 607 2617 justitiam
638 2552 685 2600 in
718 2554 859 2601 causa
889 2553 1046 2602 nostra
1078 2551 1336 2609 defendite,
1361 2554 1453 2602 suis
1485 2562 1532 2602 et
1557 2555 1743 2602 suorum
1775 2555 2026 2603 heredibus
2057 2557 2321 2620 providete3

383 2648 474 2680 nec
504 2631 619 2679 illud
651 2632 926 2688 omittimus,
951 2633 1066 2698 quin
1093 2632 1205 2681 fidei
1228 2633 1402 2699 regalis
1426 2633 1737 2682 constantiam
1761 2651 1819 2683 ex
1852 2634 2089 2683 affinitatis
2120 2635 2323 2684 federem

385 2711 649 2776 adpraesens
672 2711 951 2760 fiducialiter
974 2712 1282 2777 requiramus,
1307 2720 1360 2760 ut
1383 2712 1560 2762 nedum
1577 2713 1708 2778 quod
1726 2713 1990 2762 adversario
2014 2714 2185 2769 nostro,
2204 2732 2320 2763 nun-

385 2790 468 2838 ciis
492 2798 575 2838 aut
604 2791 776 2856 legatis
799 2790 955 2856 ipfius,
985 2791 1170 2840 occulte
1193 2792 1268 2840 vel
1299 2792 1490 2857 publice
1520 2793 1695 2849 faveat,
1727 2793 1841 2858 quin
1872 2794 2028 2858 potius
2051 2793 2187 2842 nobis
2220 2803 2322 2843 toto

384 2869 512 2934 poffe
537 2868 706 2918 aflistat
736 2870 926 2918 viriliter
949 2878 998 2919 et
1029 2877 1263 2935 potenter,
1287 2871 1470 2919 nullum
1501 2872 1692 2920 omnino
1727 2873 1952 2921 nuncium
1980 2880 2063 2921 aut
2093 2873 2320 2938 legatum,

385 3036 674 3085 convertere,
692 3029 961 3078 nullatenus
986 3029 1234 3078 admittere
1259 3029 1447 3078 debeat.
1520 3029 1611 3078 Pro
1630 3037 1758 3078 certo
1783 3031 1938 3079 scituri
1962 3031 2092 3097 quod
2114 3049 2197 3097 per
2220 3050 2322 3088 nos,

385 3108 432 3155 in
468 3108 641 3174 quibus
672 3109 895 3157 incoafita
926 3108 994 3157 est
1024 3116 1157 3157 tante
1187 3105 1466 3157 teineritatis
1501 3108 1719 3165 audacia,
1760 3110 1890 3175 quod
1923 3110 1983 3158 ad
2014 3111 2324 3176 privationem

384 3186 527 3237 nostri
551 3187 680 3237 velut
706 3187 954 3253 cujussibet
977 3188 1232 3238 sacerdotis
1255 3187 1537 3254 pontificalis
1562 3189 1821 3238 auctoritas
1843 3189 2052 3239 officium
2083 3191 2163 3242 sue
2191 3192 2325 3256 juris-

447 3307 474 3324 ¹¹²
503 3308 583 3344 The
605 3320 765 3356 emperor
784 3308 946 3344 Frederic
962 3308 1024 3344 the
1045 3309 1184 3345 Second
1201 3309 1350 3345 married
1366 3320 1411 3344 on
1430 3309 1492 3345 the
1509 3310 1597 3347 20th
1615 3310 1636 3346 J
1639 3310 1708 3356 uly,
1732 3312 1835 3352 1235,
1858 3311 2018 3354 Isabella.
2038 3312 2139 3348 sister
2155 3312 2196 3348 os
2209 3313 2330 3359 Henry

384 3362 446 3398 the
465 3363 588 3400 Third.
640 3364 762 3406 L’Art,
783 3365 840 3400 vii.
861 3367 941 3406 247,
962 3367 1043 3400 8vo.
