2904 3886
642 498 732 550 172
1120 494 1544 544 CHRONICA
1588 494 1689 544 DE
1735 495 2113 547 MAILRO'S.
2251 500 2383 550 A.D.
2426 505 2568 552 1245.

641 635 923 684 Iberusalem
947 642 995 683 et
1017 635 1205 684 Scicilie
1229 651 1325 690 rex,
1350 635 1543 700 prelatis
1566 633 1881 690 ecclesiarum,
1905 634 2178 692 comitibuS,
2195 637 2465 696 baronibus,
2487 657 2570 689 no-

638 714 823 769 bilibus,
843 722 890 762 et
908 712 1128 762 universis
1145 730 1229 778 per
1251 730 1452 779 regnum
1472 713 1650 779 Anglie
1668 713 1944 770 constitutis,
1963 715 2135 780 quibus
2151 717 2402 781 praesentes
2417 717 2571 768 littere

637 793 815 841 ostense
849 793 1038 847 suerint,
1073 792 1270 841 salutem
1307 800 1356 841 et
1390 808 1530 841 omne
1565 792 1757 841 bonum.
1829 792 1893 841 Et
1926 793 1961 842 fi
1995 794 2135 843 cause
2165 794 2318 845 nostre
2343 796 2571 862 justitiam

637 871 844 936 uulgaris
867 872 994 919 fame
1018 871 1343 936 praeloquium,
1363 879 1410 920 et
1434 872 1670 937 regiorum
1693 871 1899 920 veridica
1921 872 2187 922 testimonia
2209 875 2487 925 nunciorum
2510 876 2571 924 ad

636 950 942 999 universitatis
965 950 1114 999 vestre
1137 951 1361 999 noticiam
1385 950 1647 1015 perduxifl'e
1671 951 1919 1001 credimus.
1993 952 2120 1009 Quia
2144 960 2302 1003 tamen

935 1111 1139 1175 Segnius
1163 1110 1346 1157 irritunt
1370 1110 1552 1159 animos
1575 1077 1755 1158 dimissa
1777 1126 1862 1175 per
1886 1126 2037 1166 aures,

935 1190 1093 1245 Quam
1118 1205 1212 1254 que
1235 1189 1339 1236 sunt
1363 1189 1511 1238 oculis
1534 1188 1749 1253 subJecta
1771 1188 2010 1245 fidelibus;
2046 1190 2192 1254 ipsam
2201 1190 2244 1220 ¹¹¹¹

634 1366 798 1414 puram
823 1357 870 1397 et
905 1348 1082 1396 nudam
1106 1348 1351 1396 veritatem
1386 1347 1639 1412 procefl'us,
1664 1363 1807 1412 quem
1831 1355 1996 1396 contra
2017 1364 2105 1396 nos
2127 1349 2293 1398 summi
2325 1351 2568 1415 pontifices

635 1429 867 1477 hactenus
891 1427 1171 1482 habuerunt,
1197 1426 1347 1474 vestro
1380 1426 1652 1491 conspectui
1688 1427 2039 1491 praesentamus.
2111 1427 2190 1476 Ad
2225 1429 2569 1493 inspeccionem

634 1509 892 1572 plenariam
917 1515 964 1555 et
997 1514 1227 1554 attentam
1252 1506 1312 1553 de
1343 1513 1414 1552 tot
1437 1504 1728 1569 temporibus
1752 1512 1800 1552 et
1824 1504 1991 1553 diebus
2014 1504 2174 1554 vestris
2197 1508 2401 1572 negotiis
2424 1509 2569 1574 depu-

633 1589 757 1642 tatis,
794 1603 939 1634 unum
974 1586 1205 1633 sufficiens
1245 1592 1432 1649 tempus
1473 1591 1520 1631 et
1562 1584 1688 1631 diem
1724 1583 1861 1632 nobis
1899 1584 2089 1633 affectio
2130 1585 2280 1633 vestra
2320 1589 2566 1637 concedat.

635 1667 745 1722 Quo
780 1665 813 1713 fi
847 1666 1030 1713 licuerit
1061 1664 1311 1729 diligenter
1347 1670 1509 1712 atento
1541 1663 1731 1712 confilia
1754 1663 1905 1712 vestra
1939 1664 2072 1712 recte
2109 1664 2415 1722 confiderent,
2451 1667 2484 1715 fi
2514 1669 2568 1717 fit

631 1747 678 1793 in
711 1745 1010 1810 pontificibus
1034 1744 1194 1792 vestris
1225 1743 1507 1808 pontificalis
1530 1742 1825 1791 rectitudinis
1849 1743 1995 1798 zelus,
2018 1742 2053 1791 fi
2075 1743 2212 1792 nobis
2243 1752 2314 1793 tot
2347 1754 2395 1795 et
2426 1748 2568 1797 tantis

631 1826 809 1890 injuriis
839 1824 1070 1879 laceffitis,
1089 1823 1217 1888 justa
1247 1822 1463 1871 debuerit
1498 1839 1558 1870 an
1588 1822 1761 1871 debeat
1796 1822 2004 1871 defenfio
2036 1822 2285 1889 denegari;
2319 1824 2354 1873 fi
2378 1825 2568 1877 demum

636 1905 805 1953 Christi
829 1904 989 1952 vicarii
1017 1903 1187 1951 Christi
1211 1903 1337 1951 vices
1369 1902 1678 1967 impleverint,
1702 1901 1736 1950 fi
1759 1901 2104 1967 praedecefi'oris
2132 1903 2258 1952 Petri
2290 1905 2567 1955 successores

631 1986 733 2049 ejus
767 1985 1004 2031 imitentur
1040 1982 1323 2046 exemplum.
1397 1981 1705 2030 Confiderent
1741 1981 1884 2030 etiam
1916 1998 2011 2046 quo
2040 1982 2147 2046 jure
2180 1984 2358 2031 conseri
2394 1985 2566 2034 debeat

632 2065 813 2113 validus
851 2062 1116 2127 hujusmodi
1151 2060 1387 2126 proceffus
1423 2068 1587 2108 contra
1620 2077 1708 2108 nos
1741 2060 1948 2115 habitus,
1986 2061 2060 2108 vel
2092 2078 2187 2125 quo
2224 2064 2414 2111 nomine
2448 2081 2565 2112 nun-

633 2143 810 2208 cupari,
843 2142 876 2189 fi
911 2141 1003 2188 dici
1038 2140 1268 2188 sententia
1297 2139 1485 2194 debeat,
1519 2156 1663 2203 quam
1692 2139 1840 2204 judex
1875 2140 2199 2204 incompetens
2233 2143 2562 2208 promulgavit.

633 2223 762 2270 Nam
798 2228 845 2268 et
878 2220 912 2268 fi
946 2237 1047 2275 nos,
1083 2219 1236 2266 nostre
1271 2218 1503 2266 catholice
1534 2218 1644 2266 fidei
1678 2219 1961 2283 suggerente
1993 2218 2171 2274 debito,
2203 2221 2564 2271 manifestiffime

631 2305 865 2351 fateamur
884 2318 913 2348 a
933 2299 1141 2348 Domino
1161 2298 1380 2346 collatam
1404 2297 1698 2345 sacrosancte
1719 2297 1934 2345 Romane
1952 2297 2073 2346 sedis
2092 2298 2282 2346 antistiti
2305 2301 2564 2364 plenariam

632 2385 679 2431 in
703 2380 1017 2446 spiritualibus
1041 2377 1336 2443 potestatem,
1361 2383 1814 2441 quantumcumque,
1838 2376 1967 2441 quod
1991 2375 2123 2432 abfit,
2147 2377 2201 2424 fit
2225 2378 2302 2425 ille
2326 2388 2562 2443 peccator,

632 2470 683 2509 ut
713 2470 742 2490 ‘⁶
758 2460 887 2525 quod
910 2458 1126 2524 ligaverit
1161 2458 1208 2504 in
1232 2464 1371 2512 terra,
1396 2455 1450 2504 fit
1472 2456 1672 2521 ligatum
1696 2455 1743 2503 in
1769 2455 1888 2510 celo,
1913 2463 1961 2503 et
1984 2456 2114 2520 quod
2137 2457 2320 2505 solverit
2351 2459 2398 2506 in
2423 2467 2561 2515 terra,

631 2542 684 2589 fit
708 2541 810 2588 celo
838 2540 1095 2594 solutum;‘’
1132 2552 1374 2602 nunquam
1405 2543 1565 2584 tamen
1600 2535 1758 2584 divina
1791 2534 1874 2583 fibi
1898 2535 1972 2583 vel
2006 2535 2214 2584 humana
2247 2537 2356 2602 lege
2390 2538 2563 2604 legitur

633 2619 896 2669 concessum
921 2618 1049 2683 quod
1073 2616 1320 2665 transferre
1343 2631 1428 2679 pro
1446 2614 1579 2663 libito
1603 2613 1736 2679 poffit
1759 2614 1971 2679 imperia,
1995 2622 2078 2663 aut
2096 2614 2156 2663 de
2180 2616 2428 2680 puniendis
2446 2626 2562 2667 tem-

632 2700 852 2765 poraliter
886 2699 933 2746 in
969 2696 1230 2762 privatione
1263 2710 1516 2760 regnorum
1551 2692 1742 2759 regibus
1766 2700 1848 2741 aut
1871 2700 1994 2742 terre
2027 2694 2314 2760 principibus
2330 2696 2560 2761 judicare.

637 2780 760 2827 Cum
783 2779 893 2826 licet
918 2777 979 2825 ad
1003 2791 1126 2831 eam,
1145 2775 1204 2823 de
1222 2776 1329 2840 jure
1348 2782 1395 2822 et
1417 2790 1547 2822 more
1570 2773 1819 2838 majorum,
1838 2773 2124 2822 consecratio
2142 2774 2297 2823 nostra
2314 2777 2561 2840 pertineat,

633 2876 726 2907 non
741 2867 901 2906 tamen
925 2856 1078 2922 magis
1097 2855 1158 2903 ad
1181 2855 1330 2920 ipsum
1354 2853 1553 2919 privatio
1571 2853 1652 2901 seu
1676 2853 1874 2901 remotio
1892 2852 2160 2918 pertinebit,
2178 2870 2323 2918 quam
2348 2856 2409 2903 ad
2427 2857 2560 2920 quos-

634 2939 748 2986 libet
774 2953 1031 3003 ‚regnorum
1062 2935 1282 3001 praelatos
1305 2934 1387 2998 qui
1417 2949 1555 2998 reges
1578 2932 1700 2988 suOS,
1724 2940 1776 2980 ut
1808 2931 1985 2988 affolet,
2009 2933 2281 2982 consecrant
2315 2942 2397 2982 aut
2421 2935 2559 2986 inun-

634 3026 765 3082 gunt.
837 3016 951 3064 Esto
975 3015 1104 3080 quod
1134 3014 1230 3063 fine
1261 3011 1534 3078 praejudicio
1567 3011 1723 3060 nostro
1747 3010 1876 3077 quod
1905 3010 2081 3061 habeat
2103 3012 2383 3077 potestatem
2402 3012 2558 3076 hujus·

634 3097 782 3150 modi;
830 3095 957 3143 estne
991 3094 1111 3143 istud
1146 3094 1206 3142 de
1240 3091 1533 3158 plenitudine
1566 3090 1810 3156 potestatis
1844 3089 1999 3156 ipfius,
2041 3091 2170 3156 quod
2209 3091 2337 3139 nullo
2375 3091 2558 3155 prorsus

1196 3257 1232 3276 ¹¹¹¹
1260 3257 1426 3292 Horatius
1440 3258 1728 3302 ὀεσνίερορίἰοα,
1747 3255 1783 3290 ll.
1805 3257 1883 3296 180,
1906 3257 1984 3291 181.
