2852 3874
501 505 563 550 52
963 476 1382 548 c'HRoNICA
1426 495 1528 545 DE
1573 493 1956 545 MAILRos.·
2101 498 2232 548 A.D.
2275 504 2416 556 1057.

505 637 822 691 Edmundum,
844 634 1146 689 Edelredum,
1174 633 1433 698 Edgarum,
1461 632 1800 688 Alexandrum,
1826 632 2000 689 David,
2017 633 2135 683 duas
2156 635 2293 693 filias,
2307 639 2423 687 scili.

505 716 755 766 Matildam
778 713 988 777 reginam
1018 710 1294 776 Anglorum,
1331 718 1379 758 et
1421 710 1627 758 Mariam
1668 710 1943 759 comitissam
1979 710 2207 761 Boloniae.
2279 715 2423 765 Anno

503 811 611 843 vero
636 792 766 857 regni
790 791 856 839 sui
880 790 1049 854 xxxvij.
1076 790 1350 837 interemtus
1385 788 1452 836 est
1488 789 1536 836 in
1563 788 1742 854 Anglia
1781 789 1887 837 idus
1926 788 2227 848 Novembris,
2273 792 2423 858 [Nov.

509 876 581 926 13,
611 871 755 934 1093]
785 877 831 916 et
861 868 981 916 filius
1017 868 1118 933 ejus
1142 867 1480 933 primogenitus
1507 867 1766 916 Edwardus
1799 868 1968 917 lancea
2007 868 2183 918 ibidem
2222 873 2428 936 perfora-

503 958 576 997 tus
600 948 681 1003 est,
713 948 793 1013 qui
828 947 936 1011 xvij.
961 947 1055 994 kal.
1085 946 1363 994 Decembris
1391 945 1539 1010 [Nov.
1572 950 1646 1001 15,
1677 946 1822 1011 1093]
1850 947 1960 995 fatis
1995 947 2135 996 ceffit.
2193 949 2336 1006 Quod
2376 960 2427 1000 ut

504 1027 678 1075 audivit
701 1027 813 1075 felix
836 1027 1000 1092 regina
1034 1025 1325 1090 Margareta‚
1366 1025 1525 1080 imm0,
1566 1033 1618 1072 ut
1658 1025 1811 1073 verius
1851 1025 2021 1082 dicam,
2062 1027 2222 1091 spiritu
2262 1030 2425 1078 sand'to

503 1107 743 1171 praescivit,
769 1105 1049 1155 confeffione
1074 1112 1121 1153 et
1162 1104 1489 1152 communione
1529 1105 1764 1169 susceptis,
1809 1105 1916 1152 Deo
1957 1106 2003 1152 se
2044 1106 2261 1170 precibus
2302 1125 2426 1157 com·

503 1186 745 1242 mendans,
794 1185 997 1233 animam
1038 1184 1249 1232 faustam
1290 1183 1392 1231 celo
1432 1182 1651 1238 reddidit,
1698 1183 1813 1231 xvi.⁰
1859 1183 2087 1232 kalendas
2147 1185 2426 1235 Decembris

509 1264 656 1328 [Nov.
689 1264 762 1319 16,
793 1263 955 1328 1093.]
1979 1261 1984 1265 ”

574 1342 741 1391 Invasit
782 1343 922 1407 igitur
963 1358 1159 1407 regnum
1203 1341 1515 1389 Duuenaldus
1555 1343 1698 1389 frater
1738 1342 1952 1406 praedie'ci
1992 1343 2118 1408 regis
2161 1344 2422 1402 Malcolmi,

502 1422 723 1486 legitimis
747 1421 1010 1476 heredibus,
1036 1421 1208 1469 scilicet
1235 1420 1443 1485 Edgaro,
1472 1419 1759 1476 Alexandro,
1799 1421 1956 1469 David
1992 1422 2131 1469 exilio
2172 1423 2425 1489 relegatis:

503 1500 582 1547 sed
609 1500 897 1548 Dunecanus
920 1501 1039 1547 filius
1064 1499 1385 1564 praenominati
1413 1499 1656 1547 Malcolmi
1681 1499 1761 1546 sed
1784 1500 1971 1555 nothus,
1996 1501 2077 1564 qui
2102 1509 2202 1549 erat
2226 1502 2359 1551 obses
2378 1505 2424 1551 in

503 1579 631 1626 curia
667 1579 789 1643 regis
817 1579 1007 1642 Anglie,
1043 1578 1215 1625 scilicet
1244 1578 1468 1624 Willelmi
1507 1577 1647 1631 Ruffi,
1685 1578 1857 1624 auxilio
1899 1585 1947 1625 et
1987 1578 2175 1626 consilio
2216 1580 2425 1644 ejusdem

504 1657 844 1720 superveniens,
870 1664 1086 1720 patruum
1122 1657 1253 1702 suum
1279 1656 1476 1719 fugavit,
1503 1663 1550 1702 et
1574 1655 1812 1718 susceptus
1837 1655 1903 1703 est
1926 1656 1973 1702 in
2014 1673 2192 1721 regem,
2235 1666 2282 1705 et
2322 1676 2425 1725 reg-

502 1736 627 1782 navit
662 1752 744 1799 per
769 1751 942 1782 annum
967 1742 1014 1781 et
1038 1734 1296 1788 dimidium,
1333 1735 1407 1781 cui
1449 1733 1641 1798 quidam
1683 1751 1856 1789 comes,
1897 1735 2071 1782 scilicet
2112 1736 2171 1783 de
2215 1736 2424 1795 Mornes,

502 1814 685 1861 confilio
710 1814 922 1878 praedic’ci
950 1811 1239 1867 Duuenaldi,
1264 1829 1431 1859 necem
1454 1812 1670 1874 nequiter
1688 1812 1857 1860 intulit.
1920 1813 2234 1863 Duuenaldus
2258 1816 2425 1866 iterum

502 1910 697 1958 regnum
722 1892 961 1946 invadens,
987 1891 1199 1955 regnavit
1225 1890 1358 1937 annis
1381 1890 1527 1936 tribus
1553 1897 1600 1936 et
1624 1889 1881 1938 dimidium.

571 1971 711 2018 Anno
759 1978 917 2018 autem
952 1970 1012 2016 ab
1053 1968 1373 2016 incarnatione
1422 1967 1615 2014 Domini
1661 1969 1840 2033 M.xcvj.
1881 1968 2100 2034 Edgarus
2140 1972 2260 2021 filius
2300 1976 2424 2039 regis

505 2050 747 2097 Malcolmi
774 2056 820 2096 et
855 2048 1017 2112 regine
1049 2047 1246 2111 gloriose
1273 2046 1547 2111 Margarete
1582 2046 1863 2094 hereditario
1899 2065 2097 2113 regnum
2135 2050 2301 2100 Scocie
2334 2054 2423 2102 sus-

504 2129 642 2192 cepit,
670 2127 955 2175 Duuenaldo
981 2134 1119 2190 capto
1145 2133 1191 2173 et
1215 2125 1388 2173 carceri
1424 2132 1651 2190 perpetuo
1693 2125 1931 2174 damnato.
2005 2126 2241 2192 Regnavit
2281 2131 2422 2196 igitur

506 2207 723 2271 Edgarus
758 2223 838 2254 rex
873 2206 1069 2254 feliciter
1104 2205 1164 2252 ix.
1203 2205 1350 2259 annis,
1393 2221 1516 2252 anno
1553 2204 1612 2252 ab
1653 2205 1973 2254 incarnatione
2011 2206 2204 2255 Domini
2239 2210 2420 2274 M.c.vij.

504 2287 646 2334 vitam
670 2286 937 2340 terminans,
966 2284 1137 2332 scilicet
1163 2284 1239 2347 vij.
1266 2283 1370 2330 idus
1395 2283 1605 2331 Januarii
1636 2283 1685 2347 [J
1690 2301 1764 2331 an.
1792 2284 1862 2348 7].

573 2365 663 2413 Cui
688 2364 892 2412 succeffit
927 2364 973 2410 in
1007 2379 1204 2427 regnum
1238 2363 1381 2410 frater
1406 2363 1506 2426 ejus
1533 2362 1817 2418 Alexander,
1853 2379 2055 2428 regnans
2079 2366 2277 2429 gloriose
2311 2369 2419 2432 xvij.

505 2445 650 2498 annis,
688 2460 809 2491 anno
846 2442 905 2490 ab
941 2442 1259 2490 incarnatione
1294 2442 1486 2489 Domini
1510 2442 1757 2506 M.c.xxiiij.
1784 2442 1907 2490 viam
1931 2443 2138 2492 universe
2174 2446 2324 2493 carnis
2356 2447 2421 2494 in-

503 2523 719 2588 grediens
742 2523 802 2586 vj.
829 2521 1054 2569 kalendas
1081 2521 1198 2584 Maij
1231 2520 1370 2584 [Apr.
1397 2520 1501 2584 26].

573 2600 794 2650 Successit
820 2608 976 2648 autem
1002 2601 1043 2648 ei
1068 2601 1210 2647 frater
1235 2600 1335 2664 ejus
1353 2599 1510 2663 junior
1534 2607 1581 2647 et
1612 2600 1851 2648 feliocior¹²
1876 2600 2048 2656 David,
2074 2602 2153 2665 qui
2172 2604 2421 2666 potentiffi-

502 2697 603 2729 mus
638 2696 717 2728 rex
748 2680 960 2744 regnavit
994 2679 1190 2727 feliciter
1213 2679 1334 2726 xxix.
1362 2679 1508 2733 annis,
1546 2686 1592 2726 et
1622 2678 1683 2726 fic
1709 2677 1816 2726 Deo
1842 2679 2046 2726 animam
2070 2682 2420 2738 commendans,

502 2760 687 2808 deceffit
734 2776 856 2807 anno
893 2759 952 2807 ab
987 2758 1306 2806 incarnatione
1343 2757 1535 2805 Domini
1582 2758 1831 2822 M⁰.c⁰.liij⁰.
1864 2758 2038 2806 scilicet
2072 2759 2154 2806 ix0.
2193 2760 2421 2809 kalendas

500 2839 623 2903 Junij
650 2839 790 2903 [Maij
818 2838 921 2903 24].

568 2917 741 2965 Comes
767 2917 1000 2966 Henricus
1023 2917 1142 2966 filius
1174 2917 1381 2982 ejusdem
1414 2915 1538 2982 regis
1564 2916 1736 2973 David,
1762 2915 1942 2965 obierat
1978 2933 2100 2965 anno
2131 2917 2417 2982 precedenti,

502 2996 671 3042 scilicet
695 2995 754 3043 ab
789 2997 1107 3044 incarnatione
1134 2997 1326 3044 Domini
1357 2996 1525 3061 M.c.lij.
1552 3004 1599 3044 et
1635 3013 1757 3044 anno
1787 2995 2099 3060 subsequenti,
2123 2995 2326 3043 videlicit
2357 2995 2417 3043 ab

503 3074 817 3122 incarnatione
851 3075 1042 3123 Domini
1079 3076 1263 3140 M.c.liij.
1300 3075 1497 3140 suscepit
1531 3074 1815 3124 Malcolmus
1848 3074 1968 3122 filius
2001 3073 2200 3138 prediai
2235 3073 2418 3122 comitis

527 3193 547 3206 '
569 3194 615 3227 Et
632 3194 796 3228 dimidio?
974 3196 990 3211 ¹
1012 3202 1035 3217 ‘⁸
1051 3196 1098 3231 Et
1114 3196 1269 3232 felicior”
1287 3196 1401 3232 added
1416 3197 1528 3232 above
1544 3195 1606 3232 the
1622 3196 1703 3238 line,
1718 3196 1755 3232 in
1771 3208 1794 3231 a
1809 3195 1905 3232 hand
1919 3207 1942 3231 a
1955 3193 2044 3230 little
2059 3186 2156 3230 more
2171 3194 2315 3230 modern
2332 3194 2418 3230 than

500 3248 560 3282 the
573 3255 642 3283 rest
659 3248 700 3283 of
709 3248 769 3283 the
786 3261 881 3294 page.
1863 3264 1868 3266 ·
