2904 3886
620 502 717 553 206
1083 503 1649 552 CHRONICA'DE
1695 501 2082 551 MAILROS.
2240 503 2546 555 A.D.1268.

621 644 789 692 mirum
812 642 1147 691 exbibitionem
1166 641 1302 688 unius
1326 641 1516 689 alterius
1534 639 1664 705 quafi
1682 639 1930 689 consimilis
1945 641 2157 690 miraculi
2180 657 2210 690 a
2229 640 2338 690 Deo
2361 652 2549 709 propter

628 723 869 773 Simonem
893 721 1153 786 apostolum
1176 727 1510 785 perpetratam.
1581 717 1666 767 Est
1689 719 1832 785 igitur
1856 719 2146 785 comparatio
2169 736 2279 769 mea
2301 720 2424 772 talis.
2495 723 2553 772 δί

622 801 810 850 morbus
830 818 857 847 a
876 800 1106 866 burgense
1125 798 1254 864 quafi
1270 799 1613 864 aliquantulum
1628 799 1810 847 eminus
1822 799 2042 848 veniente
2060 799 2122 848 ad
2138 799 2311 864 pedem
2331 799 2553 856 Simonis,

623 879 777 927 adhuc
810 896 905 926 non
936 880 1031 927 viso
1066 879 1188 944 pede
1225 879 1430 927 Simonis
1464 878 1525 927 ad
1560 894 1702 944 quem
1738 878 2104 928 deosculandum
2138 878 2381 945 burgensis
2414 887 2556 945 prout

622 959 766 1006 valuit
796 959 1062 1013 maturavit,
1087 959 1278 1006 omnino
1302 959 1496 1024 fugatus
1520 958 1587 1007 est
1619 958 1679 1007 ab
1715 958 1813 1023 ipso
1839 965 2097 1023 antequam
2131 958 2350 1023 potuiss'et
2380 959 2552 1023 pertin·

621 1054 734 1102 gere
761 1038 821 1085 ad
845 1038 1033 1102 pedem,
1057 1045 1109 1085 ut
1131 1038 1332 1086 habetur
1355 1038 1586 1102 superius3
1621 1054 1779 1086 nonne
1810 1037 1971 1094 habet,
1995 1038 2122 1087 salva
2144 1038 2408 1088 reverentia
2430 1038 2555 1103 prin·

621 1117 737 1181 cipis
761 1117 1090 1182 apostolorum,
1115 1118 1278 1166 Simon
1302 1117 1385 1165 iste
1410 1117 1671 1182 comparari
1695 1117 1850 1165 eidem
1874 1117 2054 1165 Simoni
2077 1117 2259 1182 majori,
2279 1117 2360 1182 qui
2385 1125 2432 1166 et
2456 1118 2555 1183 ipse

623 1196 734 1243 dum
766 1203 1023 1244 maturaret
1047 1197 1204 1244 venire
1237 1196 1297 1243 ad
1327 1196 1519 1244 domum
1543 1195 1784 1261 cujusdam
1816 1195 2071 1260 predivitis,
2104 1196 2276 1245 demon
2307 1195 2555 1245 crudeliffi-

622 1292 726 1324 mus
750 1276 831 1340 qui
856 1283 1170 1340 occupaverat
1194 1292 1222 1322 a
1246 1275 1441 1340 septimo
1466 1276 1604 1324 etatis
1621 1276 1702 1323 sue
1727 1268 1850 1323 anno
1868 1275 2075 1339 puellam
2097 1274 2241 1323 filiam
2264 1274 2404 1340 ipfius
2425 1275 2554 1324 locu·

623 1354 775 1418 pletis,
801 1355 945 1419 usque
972 1355 1032 1402 ad
1056 1354 1322 1402 vicesimum
1347 1371 1521 1402 annum
1545 1356 1625 1402 sue
1650 1354 1803 1409 etatis,
1829 1362 2085 1419 antequam
2108 1354 2262 1419 potuit
2293 1355 2482 1403 introite
2507 1355 2554 1402 in

623 1433 830 1488 domum,
866 1434 931 1480 ita
963 1434 1114 1481 subito
1138 1450 1220 1498 pre
1255 1434 1421 1481 timore
1449 1433 1576 1481 Petri
1610 1434 1805 1497 fugatus
1834 1433 1902 1480 est
1936 1433 1996 1480 ab
2031 1433 2112 1480 illa
2142 1440 2196 1480 ut
2228 1449 2324 1480 non
2359 1433 2553 1481 auderet

623 1513 876 1577 expestare
900 1512 1139 1560 introitum
1165 1512 1315 1567 Petri;
1350 1528 1506 1559 nonne
1524 1511 1665 1576 justa,
1690 1511 1859 1559 iterum
1883 1511 2005 1566 dico,
2031 1511 2320 1575 comparatio
2345 1511 2414 1559 est
2435 1511 2555 1559 inter

623 1607 848 1656 magnum
885 1591 1129 1639 Simonem
1164 1598 1211 1638 et
1247 1591 1489 1638 Simonem
1525 1590 1585 1637 de
1622 1589 1791 1638 Monte
1828 1589 1973 1645 Forti,
2010 1589 2123 1637 dum
2157 1589 2376 1637 veniente
2414 1589 2559 1637 Petro

629 1670 821 1719 Simone
847 1670 907 1717 ad
931 1670 1154 1734 puellam,
1178 1669 1330 1717 subito
1354 1670 1599 1734 fugaretur
1623 1668 1794 1716 demon
1821 1668 1938 1733 ejus,
1963 1676 2014 1715 ut
2044 1668 2226 1716 diczum
2251 1668 2333 1724 est,
2358 1676 2407 1716 et
2429 1668 2555 1717 veni·

624 1757 732 1797 ente
757 1749 988 1814 burgense
1012 1750 1168 1797 versus
1191 1749 1364 1813 pedem
1393 1748 1598 1796 Simonis
1621 1747 1774 1796 subito
1797 1748 2042 1812 fugaretur
2074 1747 2247 1795 demon
2279 1747 2558 1796 infirmitatis

624 1828 724 1892 ejus
756 1829 1024 1893 priusquam
1047 1828 1194 1875 valuit
1229 1828 1290 1876 ad
1324 1828 1497 1892 pedem
1533 1827 1778 1882 accedere,
1814 1834 1952 1891 prout
1982 1827 2194 1891 prefatus
2225 1828 2353 1875 sum?
2429 1825 2559 1875 Ecce

625 1906 874 1972 utrobique
898 1907 1196 1962 miraculum;
1232 1907 1312 1955 sed
1336 1897 1490 1972 majus
1515 1906 1639 1955 cedit
1671 1906 1838 1954 merito
1862 1906 2029 1970 majori
2059 1905 2239 1955 Simoni
2263 1905 2558 1961 miraculum,

624 1987 776 2035 minus
806 2003 916 2035 vero
951 1987 1118 2034 minori
1153 1987 1349 2035 Simoni.
1421 1986 1583 2050 Majus
1618 1986 1743 2034 enim
1777 1985 2055 2034 miraculum
2086 1993 2187 2033 erat
2223 1984 2350 2050 quod
2387 1985 2558 2033 demon

625 2066 704 2129 qui
741 2066 968 2114 docuerat
1000 2066 1223 2130 puellam,
1255 2081 1399 2129 quam
1433 2065 1688 2120 nominavi,
1719 2082 1803 2129 pre
1836 2064 2080 2113 nimietate
2113 2064 2282 2112 furoris
2316 2062 2558 2118 fortiffimi,

626 2144 906 2192 accedentes
942 2144 1002 2192 ad
1037 2145 1083 2192 se
1118 2144 1331 2192 homines
1361 2144 1587 2199 scindere,
1624 2144 1866 2198 dilaniare,
1904 2143 2222 2208 morsibusque
2257 2142 2559 2206 disrumpere,

626 2230 672 2270 et
703 2231 754 2270 ut
785 2231 917 2287 patet
951 2223 1014 2270 ibi
1049 2223 1175 2271 idem
1207 2223 1377 2271 demon
1404 2223 1505 2287 ejus
1537 2222 1698 2271 docuit
1729 2239 1836 2270 eam
1870 2222 2067 2270 reddere
2102 2221 2276 2269 multos
2299 2221 2486 2269 inutiles
2511 2228 2559 2269 et

627 2302 870 2357 invalidos,
895 2302 1143 2350 nonnullos
1176 2310 1334 2350 autem
1364 2302 1554 2350 omnino
1578 2302 1830 2367 perimere3
1866 2317 1959 2366 que
1984 2301 2142 2349 omnia
2165 2300 2290 2348 mala
2313 2307 2559 2364 perempta

627 2382 730 2428 sunt
754 2381 800 2428 in
825 2381 904 2429 illa
922 2381 982 2428 ad
1006 2382 1205 2446 gloriam
1227 2381 1398 2429 Christi
1417 2389 1465 2429 et
1485 2381 1630 2436 Petri,
1649 2388 1930 2446 properante
1955 2380 2146 2428 Simone
2168 2379 2309 2427 Petro
2330 2378 2390 2426 ad
2414 2378 2558 2434 illam,

628 2468 678 2507 ut
702 2468 831 2524 patet
864 2460 909 2507 in
941 2460 1130 2508 historia
1158 2460 1434 2515 Clementis,
1458 2459 1578 2508 libro
1602 2460 1683 2524 xj„
1707 2460 1754 2508 in
1777 2459 1871 2507 fine
1901 2458 2022 2507 libri.
2094 2457 2158 2506 Et
2188 2457 2250 2506 fic
2274 2465 2406 2522 patet
2431 2457 2560 2522 quod

626 2539 778 2604 majus
811 2539 1087 2587 miraculum
1120 2539 1245 2588 ceffit
1276 2540 1434 2596 Petro,
1469 2540 1623 2587 minus
1653 2556 1765 2587 vero
1795 2538 1976 2587 Simoni
2011 2554 2154 2603 quem
2185 2533 2415 2586 minoiem
2447 2536 2559 2592 dixi,

628 2618 842 2666 nimirum
878 2619 991 2683 quia
1024 2619 1178 2667 minus
1213 2626 1313 2667 erat
1350 2619 1398 2666 in
1431 2619 1643 2684 milluplo
1679 2618 1739 2666 de
1775 2617 1965 2666 malicia
1999 2617 2047 2665 in
2082 2616 2284 2664 demone
2318 2615 2559 2681 burgensis

629 2698 901 2762 egrotantis,
926 2714 1070 2762 quam
1101 2698 1147 2746 in
1181 2698 1381 2746 demone
1413 2698 1689 2746 ferociffimo
1713 2697 1870 2762 puelle
1895 2696 2168 2745 atrociffime
2194 2695 2483 2750 debacantis,
2509 2703 2562 2743 ut

628 2785 759 2839 patet
791 2794 849 2825 ex
873 2776 1173 2826 durabilitate
1205 2785 1252 2826 et
1284 2777 1549 2842 quantitate
1584 2777 1774 2842 majoris
1805 2783 1854 2825 et
1883 2776 2075 2825 minoris
2108 2774 2297 2823 malicie
2319 2774 2561 2839 utriusque

629 2856 855 2905 demonis.

696 2935 846 2984 Modo
870 2937 1021 2985 rursus
1044 2935 1237 2984 obsecro
1260 2935 1363 2985 illos
1388 2936 1468 3001 qui
1499 2935 1669 2984 lec'turi
1697 2936 1801 2984 sunt
1825 2951 1969 2984 unam
1993 2934 2134 2983 aliam
2158 2931 2560 2998 comparationem

631 3014 748 3061 inter
771 3015 1008 3078 premissos
1032 3015 1263 3071 Simones,
1288 3022 1340 3063 ut
1362 3032 1457 3063 non
1481 3015 1785 3080 indignentur
1808 3021 1972 3063 contra
1993 3030 2088 3069 me,
2112 3012 2226 3078 quia
2248 3011 2371 3059 hanc
2394 3009 2556 3058 estimo

630 3092 841 3155 premissa
866 3094 1217 3158 comparatione
1242 3094 1637 3142 excellentiorem.
1710 3093 1841 3150 Quid
1864 3093 1990 3142 enim
2013 3090 2318 3141 excellentius
2339 3087 2407 3137 est
2437 3086 2556 3134 inter

630 3169 858 3225 homines,
882 3172 955 3219 vel
986 3172 1033 3220 in
1065 3173 1163 3237 ipsa
1194 3189 1348 3220 rerum
1382 3180 1552 3221 natura
1575 3171 1898 3222 rationabilius
1920 3161 2343 3237 preexcellentibus
2366 3181 2555 3230 compa-

630 3247 886 3296 rationibus
903 3249 1027 3312 juste
1051 3251 1312 3299 enarratis?
1352 3250 1493 3299 Tunc
1517 3252 1642 3300 enim
1659 3250 1784 3316 juste
1807 3255 2106 3316 comparatur
2126 3246 2284 3301 home,
2307 3243 2343 3294 fi
2366 3259 2555 3308 compa-

2600 2544 2660 2580 sol.
2678 2546 2736 2579 68.
2756 2545 2792 2580 b.
