2852 3874
407 474 540 525 A.D.
578 476 690 531 749.
879 472 1304 526 CHRONIC‘A
1347 472 1450 524 DE
1495 472 1875 525 MAILROS.
2304 483 2335 525 5

467 611 655 662 Eodem
686 627 811 662 anno
837 611 1099 663 Elfwaldus
1128 629 1211 664 rex
1235 611 1573 680 Estanglorum
1595 612 1729 671 obiit,
1753 626 2050 679 regnumque
2073 610 2157 662 fibi
2182 611 2333 664 Hum-

399 691 562 741 beam¹¹
586 700 636 742 et
660 691 888 743 Albertus
912 693 1180 743 diviserunt.

466 771 578 821 Hoc
617 772 763 822 etiam
809 789 935 822 anno
972 772 1169 822 Kenric¹
1206 773 1330 823 filius
1368 772 1579 823 Cudredi
1620 774 1746 840 regis
1784 772 2164 830 westsaxonum,
2201 774 2337 823 annis

398 867 571 916 parvus
593 852 674 901 sed
696 853 862 919 vigore
884 869 1105 918 magnus,
1129 852 1311 902 occisus
1334 852 1403 901 est
1425 853 1663 919 inpugna
1684 853 1890 902 militari.

467 930 612 980 Anno
642 931 812 980 ncc⁰.l⁰
848 930 1167 980 Adelbertusk
1194 947 1277 980 rex
1300 930 1657 980 Northumbriae
1683 931 1957 982 Kiniwlfum
1983 932 2336 983 Lindisfarnen-

399 1010 495 1058 sem
518 1011 791 1074 episcopum
815 1010 863 1058 in
888 1009 1055 1059 urbem
1081 1009 1549 1076 Bebban'captivum
1584 1010 1735 1066 duxit,
1772 1011 2108 1078 basilicamque
2135 1012 2264 1062 Petri
2288 1013 2335 1061 in

400 1086 730 1137 Lindiffarnea
752 1089 867 1137 fecit
891 1088 1107 1139 obsideri.

466 1166 751 1216 Cudhredus
766 1175 932 1217 contra
955 1169 1017 1217 ad
1031 1169 1369 1218 debellandum
1385 1169 1639 1236 superbum
1663 1169 1847 1236 regem¹
1863 1169 2061 1219 Merciae
2080 1170 2335 1219 dimicavit.

464 1245 647 1294 Alwich
671 1247 920 1312 episcopus
943 1248 1077 1304 obiit,
1103 1249 1179 1297 cui
1206 1248 1433 1297 Aldulfus
1456 1249 1682 1297 succeffit.

464 1324 608 1374 Anno
634 1326 843 1392 ncc⁰.l⁰j⁰
871 1326 1123 1375 Cudredus
1145 1342 1228 1374 rex
1253 1333 1418 1374 contra
1435 1325 1662 1374 Adeldun
1676 1326 1810 1374 suum
1835 1327 2074 1376 consulem
2099 1329 2339 1377 audaciffi-

396 1421 526 1454 mum
550 1407 797 1472 pugnavit,
834 1406 917 1472 qui
940 1406 1219 1455 seditionem
1253 1412 1467 1453 moverat
1502 1412 1668 1453 contra
1692 1422 1817 1453 eum.
1892 1405 1985 1454 Cui
2018 1407 2195 1455 consuli
2232 1424 2339 1456 cum

237 1497 296 1532 fol.
318 1499 350 1532 2.
390 1485 493 1549 jam
517 1502 640 1551 pene
663 1486 864 1535 viEtoria
889 1485 1170 1552 contigisset,
1206 1484 1401 1534 tandem
1426 1492 1624 1549 accepto
1651 1485 1843 1534 vulnere
1873 1485 2048 1550 justam
2080 1487 2206 1552 regis
2230 1504 2340 1536 cau-

398 1565 496 1613 sam
520 1565 809 1630 triumphare
834 1565 1054 1630 permisit.

468 1643 611 1692 Anno
636 1645 879 1710 ncc⁰.l⁰.ij⁰
902 1644 1083 1710 eclipsis
1106 1645 1231 1694 lunae
1254 1645 1388 1693 facta
1407 1644 1474 1693 est
1498 1644 1647 1709 pridie
1671 1645 1766 1693 kal.
1796 1645 2020 1711 Augusti¹
2048 1645 2165 1710 [Jul.
2192 1648 2295 1712 31.]

467 1723 611 1772 Anno
636 1724 889 1789 Dcc⁰.l⁰.iij.
914 1724 1166 1773 Cudredus
1183 1742 1281 1780 rex,
1301 1741 1410 1773 cum
1428 1724 1655 1790 praedicto
1674 1724 1863 1773 consule
1886 1723 2140 1775 Adeldune
2155 1725 2237 1774 fibi
2257 1742 2339 1791 pa-

401 1803 604 1857 cificato,
629 1804 832 1850 occurrit
857 1804 985 1867 apud
1012 1803 1284 1852 Berefordm
1299 1804 1499 1869 superbo
1524 1805 1626 1869 regi
1653 1803 1943 1853 Merciorum
1971 1803 2241 1854 Adelbaldo
2257 1806 2339 1870 qui

403 1881 768 1930 Cantuarienses
804 1898 913 1930 cum
951 1881 1293 1930 Mercienfibus
1329 1883 1608 1937 adduxerat,
1644 1900 1831 1931 necnon
1857 1891 1905 1930 et
1940 1884 2192 1932 orientales
2222 1885 2339 1933 Sax-

400 1977 515 2009 ones
539 1969 587 2009 et
614 1960 830 2027 Anglos;
855 1977 1060 2027 cumque
1084 1962 1287 2010 invicem
1322 1969 1634 2027 pugnaretur,
1662 1961 1798 2010 Deus
1822 1962 1903 2027 qui
1928 1962 2139 2027 superbis
2162 1963 2339 2018 resistit,

399 2040 726 2090 fortitudinem
751 2039 1011 2090 Adelbaldi
1035 2041 1280 2107 diffipavit.
1846 2096 1849 2099 v

467 2119 610 2167 Anno
635 2120 905 2186 Dcc⁰.l⁰.iiij.
945 2120 1224 2170 Bonifacius
1248 2121 1329 2186 qui
1354 2128 1402 2169 et
1430 2120 1696 2170 Winsridus
1726 2121 2105 2187 archiepiscopus
2132 2121 2337 2170 Franco-

399 2215 502 2247 rum
526 2200 751 2264 martyrio
775 2208 1030 2249 coronatus
1054 2200 1122 2249 est
1141 2217 1250 2249 cum
1275 2217 1320 2249 L.
1347 2200 1511 2250 tribus.

466 2278 655 2328 Eodem
680 2296 805 2328 anno
835 2280 1087 2329 Cudredus
1111 2297 1192 2329 rex
1229 2281 1461 2346 pugnavit
1486 2288 1651 2329 contra
1677 2280 1949 2336 Britannos,
1983 2289 2031 2329 et
2055 2298 2113 2330 ex
2138 2283 2206 2330 eis
2230 2281 2340 2329 stra-

400 2375 510 2423 gem
533 2375 760 2425 magnam
785 2360 915 2408 fecit.

469 2436 611 2487 Anno
647 2439 883 2487 ncc0.l0.v0
911 2439 1162 2489 Cudredus
1186 2440 1319 2497 obiit,
1344 2449 1393 2490 et
1416 2457 1617 2507 regnum
1646 2441 1899 2506 Sigeberto
1925 2448 2132 2505 cognato
2156 2441 2238 2489 suo
2270 2458 2339 2488 re-

400 2517 552 2581 liquit.

470 2596 613 2644 Anno
651 2599 905 2664 ncc⁰.l⁰.vj⁰
934 2599 1212 2666 Sigebertus
1236 2617 1318 2649 rex
1346 2599 1728 2656 Westsaxonum,
1763 2616 1872 2648 cum
1901 2600 2154 2649 insolenter
2190 2617 2344 2666 agens

400 2674 706 2724 intolerabilis
730 2677 858 2733 effet,
884 2695 912 2726 a
935 2695 1083 2745 regno
1107 2680 1326 2746 expulsus
1351 2679 1446 2736 est;
1472 2680 1554 2745 qui
1577 2679 1768 2746 fugiens
1794 2678 2039 2728 abscondit
2063 2679 2109 2728 se
2134 2680 2182 2727 in
2205 2679 2332 2733 silva,

401 2771 508 2819 quae
539 2763 734 2803 vocatur
767 2755 1174 2814 Andredeswald‚¹¹
1208 2759 1290 2808 ubi
1320 2760 1539 2809 inventus
1571 2777 1600 2808 a
1634 2759 1846 2824 quodam
1876 2759 2091 2823 porcario
2122 2758 2339 2805 interfec-

449 2886 466 2906 ὴ
487 2886 721 2922 Hunbeanna.
762 2888 798 2922 S.
812 2888 973 2923 Dunelm.
988 2888 1055 2924 col.
1074 2891 1152 2924 104.
1329 2890 1339 2910 ¹
1366 2890 1420 2936 Cf.
1439 2891 1522 2925 δατ.
1549 2890 1668 2925 chron.
1683 2900 1765 2924 ann.
1785 2889 1866 2930 748,
1883 2889 1963 2926 752.
2109 2887 2124 2908 ⁸
2144 2887 2336 2924 Eadberbt.

402 2943 438 2976 S.
458 2943 620 2977 Dunelm.
640 2942 706 2978 col.
730 2945 807 2984 104,
824 2945 879 2978 10.
979 2943 990 2965 ¹
1013 2943 1214 2979 Athelbald.
1266 2945 1348 2979 Saae.
1376 2945 1495 2980 Chron.
1594 2943 1621 2965 ¹¹
1643 2944 1702 2979 An
1719 2943 1848 2989 eclipse
1865 2942 1908 2978 os
1924 2942 1987 2978 the
2011 2953 2119 2978 moon
2134 2942 2222 2978 took
2238 2943 2338 2989 place

399 3003 437 3032 at
452 2996 621 3043 half-past
638 3009 717 3039 one,
738 3010 783 3033 on
801 2998 863 3033 the
880 2999 1039 3045 morning
1054 2999 1097 3034 os
1114 2999 1176 3034 the
1202 3001 1282 3034 Slst
1298 2999 1341 3035 os
1358 2999 1452 3046 July.
1505 2998 1627 3041 L’Art‚
1646 2998 1669 3033 i.
1690 3000 1771 3036 317.
1917 2997 1944 3013 ¹¹¹
1962 2999 2044 3033 Saae.
2068 2998 2187 3033 Clu-on.
2209 2997 2338 3043 Beorg·

399 3051 509 3094 forda,
531 3053 783 3094 Beork-forda;
803 3054 897 3089 Illat.
927 3056 1055 3090 Westm.
1085 3054 1291 3095 Beer-form
1319 3056 1416 3090 Flor.
1444 3056 1549 3090 Worc.
1579 3053 1828 3094 Beorhuford;
1856 3065 1938 3089 now
1957 3052 2107 3089 Burford
2122 3053 2158 3088 in
2187 3051 2338 3088 Oxford-

401 3107 506 3143 shire.
651 3108 669 3124 '³
691 3109 968 3145 Andredeswald
984 3121 1097 3145 seems
1113 3116 1153 3146 to
1169 3110 1261 3145 have
1277 3111 1368 3146 been
1385 3122 1407 3146 a
1421 3110 1515 3156 large
1530 3109 1647 3151 wood,
1667 3109 1820 3145 situated
1835 3109 1871 3144 in
1891 3109 1990 3144 Kent
2004 3108 2075 3144 and
2095 3109 2249 3148 Sussex3
2275 3107 2336 3142 de-

401 3163 537 3199 scribed
552 3164 588 3199 in
604 3163 667 3200 the
685 3166 767 3201 Saae.
795 3166 914 3201 Chr-on.
934 3178 971 3201 as
988 3166 1091 3212 being
1110 3168 1177 3202 120
1193 3166 1303 3207 miles,
1331 3174 1368 3201 at
1391 3166 1454 3202 the
1469 3166 1570 3207 least,
1596 3165 1686 3201 from
1703 3171 1779 3201 east
1794 3172 1834 3200 to
1850 3171 1950 3207 west,
1977 3165 2048 3202 and
2066 3167 2112 3200 30
2129 3164 2227 3201 miles
2244 3163 2344 3199 stom

400 3218 506 3254 north
521 3225 561 3255 ω
577 3220 695 3256 south.
750 3221 782 3257 It
798 3222 958 3257 received
974 3222 1018 3257 its
1035 3233 1138 3258 name
1152 3221 1242 3258 from
1258 3222 1321 3258 the
1337 3222 1419 3258 urbs
1439 3221 1619 3258 Anderida
1634 3221 1677 3258 of
1686 3221 1750 3258 the
1768 3221 1939 3258 Romans.
