2904 3886
172 2903 234 2938 sol.
255 2904 275 2940 7
305 2930 312 2937 .

389 506 522 556 A.D.
565 511 706 572 1270.
862 507 1290 558 CHRONICA
1328 507 1430 557 DE
1470 506 1854 557 MAILROS.
2245 513 2342 563 219

387 651 710 715 premunirent
733 659 898 702 contra
927 651 1236 708 ChristianOS,
1261 650 1636 700 concederentur
1668 650 1738 700 eis
1769 667 1798 700 a
1825 649 2020 700 Karolo.
2094 650 2340 700 Petierunt

388 747 504 797 ergo
528 732 730 798 spatium
754 750 829 781 xv.
856 749 1087 781 annorum
1118 732 1181 780 ad
1211 731 1358 780 talem
1389 731 1790 798 premunitIonem
1812 731 2101 788 faciendam,
2126 732 2256 798 quod
2287 733 2339 780 li-

389 810 556 860 benter
579 812 798 861 conceffit
823 812 891 862 eis
919 812 1140 869 Karolus‚
1165 813 1388 862 cautione
1413 811 1676 862 securitatis
1701 811 1814 860 data
1839 812 1907 861 eis
1933 812 1994 861 ab
2023 813 2122 878 ipso
2147 813 2339 878 qualem

389 892 638 942 voluerunt
655 911 740 959 per
755 894 937 957 litteras
961 893 1064 959 ejus
1088 911 1197 942 cum
1215 892 1545 959 jurejurando.
1618 892 1852 941 Reversus
1876 893 1944 941 est
1963 894 2106 960 igitur
2134 894 2339 944 Karolus

388 973 614 1038 proditor,
638 975 799 1023 secuto
824 991 934 1023 eum
957 974 1176 1023 thesauro
1210 991 1238 1022 a
1262 980 1408 1039 gente
1439 972 1621 1038 perfida
1645 973 1770 1022 male
1802 982 2001 1039 accepto
2026 975 2072 1022 in
2107 965 2216 1023 navi
2249 977 2341 1024 sor-

389 1053 561 1123 tiffima⁸
579 1054 798 1120 repofito,
823 1072 918 1120 que
943 1071 1054 1103 cum
1087 1054 1149 1102 ad
1173 1061 1363 1119 portum
1386 1053 1661 1102 tutiffimum
1694 1054 1988 1119 applicuisset
2013 1055 2152 1120 juxta
2176 1074 2340 1121 quam-

390 1134 500 1183 dam
525 1135 765 1183 civitatem
792 1134 1181 1189 Christianorum,
1206 1133 1386 1182 ultione
1413 1133 1508 1181 Dei
1534 1134 1672 1198 super
1703 1134 1831 1182 illam
1855 1143 2046 1200 propter
2070 1136 2340 1185 thesaurum

389 1214 639 1263 infideliter
671 1222 922 1280 acceptum
946 1214 1280 1270 descendente,
1314 1214 1360 1262 in
1393 1214 1492 1279 ipso
1524 1221 1663 1278 portu
1696 1214 1849 1262 subito
1883 1215 1929 1262 in
1954 1215 2050 1264 salo
2084 1217 2340 1272 deiscebat,

388 1295 531 1344 nichil
548 1295 607 1344 de
626 1296 827 1361 peccuni
847 1295 1154 1361 aperditionis
1169 1295 1364 1350 salvato,
1389 1302 1508 1343 nutu
1533 1294 1735 1360 propitie
1755 1295 2012 1345 divinitatis
2029 1297 2340 1346 evadentibus

390 1393 448 1424 ex
467 1376 547 1424 illa
565 1377 784 1448 omnibus
801 1376 1072 1426 hominibus
1090 1383 1327 1442 quotquot
1345 1383 1480 1424 erant
1499 1375 1545 1423 in
1565 1392 1624 1424 ea
1643 1383 1690 1423 et-
1715 1375 1777 1424 ad
1796 1383 1909 1424 tunc
1925 1377 2113 1426 salvatis
2132 1378 2339 1426 omnino.

393 1457 537 1506 Periit
555 1458 719 1523 itaque
742 1458 891 1513 navis,
907 1457 1075 1506 viderit
1098 1457 1303 1506 Karolus
1327 1473 1388 1505 ne
1413 1464 1578 1522 pereat
1604 1457 1874 1505 eternaliter
1898 1458 1994 1523 ipse
2015 1466 2147 1506 extra
2171 1476 2342 1507 navem

390 1537 584 1586 ecclefie
610 1538 843 1586 inventus.
893 1537 1046 1586 Navis
1066 1537 1260 1586 ecclefie
1285 1537 1353 1585 est
1372 1537 1528 1585 unitas
1547 1537 1742 1585 ecclesie
1768 1555 1796 1585 a
1816 1555 1910 1603 qua
1932 1539 2112 1587 unitate
2137 1540 2341 1588 Karolus

390 1618 638 1666 videbatur
662 1619 854 1667 omnino
889 1617 1131 1674 receffiffe,
1157 1617 1350 1684 quando
1385 1617 1553 1665 maluit
1581 1618 1864 1682 peccuniam
1901 1626 2065 1667 contra
2103 1619 2341 1667 Christum

390 1716 535 1763 quam
560 1699 737 1747 bellum
761 1707 951 1765 propter
980 1699 1216 1748 Christum
1241 1706 1406 1747 contra
1434 1698 1648 1746 inimic-os
1678 1698 1864 1747 Christi.
1938 1699 2109 1748 Postea
2134 1702 2343 1749 reversus

391 1780 458 1827 est
489 1797 625 1828 verus
654 1780 824 1828 Christi
856 1780 1102 1829 thesaurus
1128 1779 1347 1827 dominus
1375 1778 1663 1827 Eduuardus
1688 1779 1748 1827 de
1777 1779 1929 1827 Terra
1953 1780 2133 1836 san&a,
2166 1789 2341 1845 preter-

390 1860 520 1908 missa
544 1861 759 1926 gentium
785 1861 1139 1927 expugnatione
1164 1877 1310 1925 quam
1343 1876 1439 1907 non
1464 1866 1650 1924 poterat
1674 1860 1834 1908 facere
1858 1878 1940 1925 pre
1970 1860 2341 1909 Christianorum

389 1941 647 2005 paucitate.
721 1942 969 2007 Proposuit
1001 1949 1163 1989 tamen
1187 1957 1460 2006 nuncquam
1485 1940 1653 1988 reverti
1691 1939 1752 1988 ad
1785 1942 1974 2006 propria
1999 1941 2152 1989 donec
2178 1943 2341 1989 confu—

389 2021 523 2069 difi'et
546 2029 704 2086 partes
728 2022 1019 2087 paganitatis
1043 2022 1091 2070 in
1116 2029 1345 2087 quantum
1379 2020 1599 2086 potuisset
1623 2020 1656 2068 fi
1681 2022 1946 2069 succursum
1977 2021 2342 2069 Christianitatis

389 2101 450 2149 ad
475 2109 636 2150 votum
656 2102 811 2150 fuiffet
830 2102 1055 2167 adeptus3
1091 2102 1172 2150 sed
1198 2102 1361 2150 audita
1378 2109 1530 2150 morte
1551 2101 1696 2166 patris
1721 2102 1788 2149 sui
1809 2102 1974 2167 optimi
1997 2101 2192 2150 Henrici
2218 2103 2344 2167 regis

387 2182 535 2248 —qui
569 2184 749 2248 semper
774 2183 971 2248 pacifice
1004 2190 1051 2231 et
1075 2182 1328 2248 tranquille
1360 2181 1594 2247 regimina
1626 2182 1834 2247 reglonis
1858 2182 2149 2248 gubernarat
2177 2182 2344 2248 Angli-

388 2281 524 2319 cane,
550 2263 703 2330 donec
727 2264 851 2313 male
876 2265 1051 2319 suasus,
1077 2270 1178 2312 erat
1203 2263 1329 2312 enim
1354 2262 1561 2310 bestialis
1586 2261 1728 2310 homo
1754 2263 1833 2310 sed
1859 2263 2118 2329 religiosus,
2145 2282 2174 2311 a
2198 2264 2343 2312 confi-

388 2344 581 2393 liaribus
618 2344 901 2400 infelicibus,
927 2361 1130 2410 quorum
1165 2343 1420 2409 primatum
1445 2343 1598 2391 tenuit
1623 2360 1740 2390 uxor
1765 2344 1847 2391 sua
1872 2345 2038 2409 regina
2066 2344 2343 2399 Helionora,

390 2425 617 2472 nonnulla
649 2424 774 2472 bella
810 2424 1089 2490 paciebatur
1113 2424 1293 2472 comitti
1328 2430 1492 2472 contra
1516 2423 1720 2471 barones
1745 2424 1880 2489 regni
1905 2424 2121 2479 sui,—‹le
2150 2425 2340 2471 necefi'i-

391 2511 488 2552 tate
515 2504 722 2569 oportuit
755 2521 864 2552 eum
889 2504 1041 2552 redire
1074 2504 1135 2552 ad
1166 2504 1370 2568 propria,
1397 2510 1449 2550 ut
1474 2511 1794 2559 coronaretur,
1821 2503 2108 2552 successurus
2133 2504 2254 2569 patri
2293 2505 2340 2551 in

392 2601 593 2650 regnum
619 2592 670 2632 ut
694 2584 831 2632 heres
854 2584 1133 2650 legittimus.

462 2665 595 2713 Obiit
622 2665 781 2712 Adam
806 2665 866 2713 de
894 2664 1194 2719 Kilconcath,
1220 2679 1381 2712 comes
1417 2662 1476 2710 de
1505 2662 1702 2727 Karryc,
1736 2664 1783 2711 in
1811 2663 2042 2720 Aeconia,
2069 2664 2203 2728 cujus
2228 2682 2341 2712 uxo-

392 2763 509 2800 rem,
535 2745 812 2793 comitissam
837 2744 896 2793 de
920 2744 1117 2809 Karryc,
1146 2744 1311 2810 postea
1329 2743 1489 2809 junior
1516 2742 1757 2792 Robertus
1782 2744 1841 2793 de
1869 2745 2023 2809 Bruys
2049 2745 2234 2810 accepit
2258 2745 2341 2793 fibi

393 2827 439 2874 in
464 2827 694 2891 sponsam.

463 2907 703 2963 Quoniam
739 2905 986 2971 indignum
1019 2905 1086 2953 est
1110 2905 1320 2953 scilentio
1352 2905 1577 2970 preterire
1603 2905 1806 2971 qualiter
1842 2905 1967 2954 orbis
2002 2914 2124 2955 terre
2151 2907 2341 2972 juvenis

392 2987 708 3043 validiffimus,
734 2986 963 3053 gloriosus
987 2985 1158 3034 Christi
1173 2985 1308 3033 miles
1328 2984 1632 3040 Eduuardus‚
1659 2985 1916 3050 adjuvante
1935 2986 2066 3035 illurn
2088 2986 2338 3042 Altiffimo,

391 3068 607 3116 liberavit
643 3068 689 3116 se
722 3084 782 3115 ne
817 3066 1162 3115 interimeretur
1187 3082 1216 3114 a
1239 3064 1451 3131 quodam
1480 3065 1743 3114 Sarraceno
1768 3067 2026 3123 fortiffimo,
2051 3067 2250 3133 dignum
2274 3067 2342 3115 est

393 3155 445 3195 ut
475 3147 604 3196 stilus
635 3148 806 3196 iterum
841 3153 1051 3195 recurrat
1084 3146 1145 3194 ad
1180 3146 1345 3211 ipsum.
1421 3145 1629 3211 Sperans
1653 3146 1796 3212 igitur
1820 3147 2025 3212 quedam
2051 3165 2160 3214 pars
2184 3148 2340 3214 gentis

392 3228 570 3294 perfide
595 3228 978 3282 Sarracenorum,
999 3226 1287 3293 quipropius
1305 3225 1567 3274 Acconiam
1590 3234 1723 3274 erant
1741 3226 2028 3284 habitantes,
2047 3228 2176 3294 quod
2193 3228 2341 3276 domi-

392 3325 481 3357 nus
501 3308 822 3357 Edduuardus
847 3307 959 3356 effet
985 3324 1106 3356 unus
1131 3324 1189 3356 cx
1214 3306 1399 3355 cunctis
1424 3306 1650 3355 militibus
1673 3307 1950 3357 Christianis
1973 3308 2340 3374 prefortiflimus,
2360 3306 2362 3308 ’
