2904 3886
433 485 567 536 A.D.
600 479 740 536 1262.
919 484 1351 534 CHRONICA
1395 484 1497 534 DE
1547 484 1937 534 MAILROS.
2295 492 2386 542 187

425 626 570 675 beata
594 626 804 675 celorum
828 626 1037 682 domina,
1062 634 1178 692 puto
1213 626 1330 674 illud
1362 626 1579 674 ostiolum
1614 643 1698 692 per
1729 633 1778 675 te
1808 626 1943 675 fuifl'e
1974 625 2052 674 ille
2084 627 2382 692 patefactum

424 724 483 755 ex
507 707 602 755 ima
626 707 905 772 conjefflmra
923 706 950 756 1.
1006 705 1138 755 Nam
1162 706 1276 755 dum
1300 705 1510 772 quadam
1534 706 1612 758 die
1643 705 1786 755 staret
1811 713 1924 757 ante
1958 713 2023 762 te,
2054 723 2213 755 coram
2244 707 2397 755 altari

402 787 573 836 ‘san6ti
604 786 835 852 Stephani
859 786 1229 852 protomartyris,
1254 786 1415 835 videre
1438 793 1487 834 te
1511 786 1698 842 meruit,
1722 803 1818 835 non
1842 786 2117 835 immediate
2135 787 2272 852 super
2287 794 2378 835 ter-

422 884 540 923 ram,
564 883 660 915 non
684 867 871 933 parieti,
895 883 992 915 non
1017 867 1157 915 alicui
1183 867 1318 915 alteri
1341 866 1539 914 materie
1564 866 1854 931 corruptibili
1878 867 2104 922 innixam,
2130 867 2208 915 sed
2235 874 2286 914 ut
2311 867 2378 915 vir

425 947 524 996 Dei
549 947 724 1004 retulit,
748 946 865 996 vidit
888 954 937 995 te
961 946 1010 994 in
1033 946 1235 1012 spatioso
1255 962 1365 994 aere
1385 945 1596 1001 ecclesie,
1620 963 1749 994 nunc
1772 946 2025 1002 mobiliter,
2050 963 2176 995 nunc
2211 947 2375 995 immo-

421 1027 590 1083 biliter,
615 1035 755 1093 prout
778 1026 987 1087 volebas,
1012 1026 1215 1074 stantem
1240 1030 1351 1074 ante
1375 1026 1422 1074 se
1448 1024 1766 1074 devotiffimus
1790 1033 1900 1074 tuus
1925 1033 2125 1082 amator,
2158 1027 2374 1092 pulcher-

420 1108 537 1155 rimo
560 1108 642 1156 sed
659 1106 921 1156 tenuiffimo
937 1105 1355 1171 candidissimoque
1374 1105 1653 1153 indumento
1672 1106 1937 1153 inconsutili
1955 1106 2371 1155 circumamictam

167 1199 228 1235 fol.
248 1203 306 1235 60.
322 1202 355 1235 b
421 1186 517 1235 Hic
541 1187 655 1235 dum
679 1194 868 1252 putaret
893 1187 939 1235 se
966 1203 994 1234 a
1018 1186 1208 1234 nemine
1241 1185 1370 1251 pofl‘e
1401 1185 1565 1240 videri,
1598 1202 1727 1234 nunc
1758 1185 1968 1233 faciebat
2000 1187 2373 1251 genuflexiones,

415 1283 542 1315 nunc
565 1260 822 1316 infinuosas
844 1283 1073 1315 manuum
1097 1266 1475 1331 tripudiationes,
1501 1282 1610 1313 cum
1634 1265 1773 1313 valde
1806 1266 1924 1313 mira
1956 1265 2195 1313 hilaritate
2227 1267 2371 1330 tripu-

416 1347 551 1396 dians
577 1364 737 1396 coram
761 1347 955 1396 dilecta.
1029 1346 1138 1403 Que
1163 1346 1297 1412 gesta
1321 1346 1436 1394 dum
1460 1346 1776 1411 perpenderet
1795 1345 1991 1411 quidam
2015 1346 2277 1394 monachus
2302 1363 2371 1393 re-

414 1435 487 1475 tro
511 1428 664 1476 virum
691 1428 787 1476 Dei
811 1444 906 1475 non
930 1427 1133 1474 multum
1157 1443 1305 1492 prope
1329 1426 1472 1482 stans,
1498 1427 1622 1474 clam
1647 1425 1826 1475 receffit
1851 1443 1880 1474 a
1911 1426 2018 1473 loco
2050 1426 2264 1475 stationis
2289 1427 2369 1474 sue

413 1524 474 1555 ne
498 1509 620 1556 sorte
645 1508 888 1574 ingrueret
913 1514 1078 1556 contra
1102 1507 1234 1555 illum
1257 1506 1291 1554 fi
1316 1514 1430 1555 tunc
1462 1507 1585 1554 forte
1617 1513 1774 1554 motus
1804 1506 2060 1571 gaudentis
2091 1506 2370 1571 increpasset

413 1588 625 1651 putative
649 1588 809 1635 fatuos
833 1594 880 1635 et
915 1578 1224 1642 inordinatos,
1261 1587 1330 1634 ira
1355 1586 1511 1635 sandfi
1547 1586 1662 1634 viri:
1703 1586 1799 1642 Qui
1835 1586 2135 1651 postmodum
2173 1587 2366 1634 veniens

414 1669 476 1716 ad
502 1667 863 1732 tripudiatorem
889 1667 1131 1732 genitricis
1158 1666 1269 1722 Dei,
1289 1666 1499 1732 quaefivit
1519 1666 1580 1714 ab
1600 1684 1657 1715 eo
1678 1666 1793 1731 quid
1818 1666 1982 1731 gaudii
2002 1666 2200 1714 haberet
2219 1683 2367 1730 quan-

413 1749 475 1796 do
500 1748 582 1796 tali
607 1746 685 1795 die
711 1755 758 1795 et
776 1747 860 1795 tali
884 1747 1002 1795 hora
1016 1746 1307 1811 tripudiabat
1326 1763 1486 1795 coram
1505 1747 1584 1795 illo
1604 1747 1651 1794 in
1672 1746 1786 1811 quid
1806 1747 1960 1795 altari.
2036 1747 2117 1794 Ad
2137 1763 2281 1811 quem
2301 1748 2367 1795 vir

414 1828 526 1883 Dei,
565 1836 594 1856 ‘⁶
615 1827 826 1875 Obsecro
858 1835 906 1875 te
938 1844 1022 1891 per
1054 1827 1274 1875 virtutem
1309 1826 1404 1874 Dei
1437 1834 1484 1875 et
1517 1826 1884 1874 misericordiam
1917 1827 1997 1874 sue
2022 1827 2184 1875 matris
2209 1835 2261 1874 ut
2284 1844 2365 1874 ne-

409 1908 523 1956 mini
548 1907 679 1956 dicas
702 1907 750 1955 in
775 1908 872 1955 vita
895 1924 1004 1955 mea
1028 1907 1248 1955 vifionem
1273 1923 1419 1971 quam
1455 1906 1566 1962 vidi,
1600 1914 1648 1954 et
1683 1906 1840 1954 dicam
1873 1923 1979 1954 eam
2014 1906 2150 1954 tibi.’'
2205 1907 2363 1965 Quam

408 2004 517 2036 cum
553 1987 804 2052 aperuisset
838 1988 920 2043 illi,
957 1987 1193 2053 pollicitus
1223 1987 1290 2035 est
1325 1987 1369 2035 ei
1399 1986 1662 2036 monachus
1694 2003 1939 2052 nunquam
1972 1987 2019 2034 se
2048 1987 2364 2034 revelaturum

408 2068 631 2132 cuiquam
655 2067 880 2116 vifionem
905 2067 1008 2133 ejus
1033 2067 1113 2115 illo
1138 2067 1398 2132 superstite.
1475 2066 1572 2115 Sed
1597 2073 1827 2131 querente
1843 2065 2079 2114 monacho
2098 2083 2245 2131 quare
2265 2084 2363 2114 ma-

404 2156 476 2196 ter
501 2147 596 2197 Dei
620 2165 715 2196 non
740 2147 960 2213 potuifl'et
984 2147 1130 2196 videri
1156 2165 1185 2195 a
1208 2149 1255 2196 se
1281 2164 1390 2195 cum
1414 2154 1514 2195 tam
1538 2164 1686 2211 prope
1711 2147 1816 2195 illos
1850 2146 2010 2201 staret,
2045 2146 2285 2211 respondit
2317 2147 2359 2194 ei

404 2228 538 2284 alter,
575 2237 606 2258 ‘⁶
624 2228 739 2277 Non
764 2227 967 2277 ostendit
992 2228 1038 2276 se
1066 2227 1165 2276 Dei
1190 2227 1395 2293 genitrix
1427 2226 1511 2275 nifi
1540 2226 1854 2275 familiaribus
1883 2226 1976 2275 suis
2009 2244 2038 2274 a
2068 2226 2215 2292 longo
2243 2234 2360 2274 tem-

403 2326 517 2373 pore
539 2309 714 2358 devote
737 2308 822 2357 fibi
845 2307 1188 2360 famulantibus
1204 2324 1313 2356 cum
1332 2307 1569 2372 obsequiis
1588 2324 1683 2372 que
1707 2308 1812 2355 sunt
1837 2306 1897 2354 de
1923 2323 2101 2371 genere
2126 2306 2358 2354 bonorum

403 2390 632 2451 operum”
654 2389 664 2436 l

471 2547 549 2595 De
580 2547 724 2596 beato
754 2547 853 2595 viro
885 2546 971 2595 isto
1006 2546 1122 2595 libet
1156 2548 1331 2595 referre
1366 2563 1514 2595 unum
1549 2546 1706 2595 adhuc
1740 2546 2019 2595 miraculum
2054 2546 2183 2611 quod
2221 2546 2356 2594 Deus

403 2634 626 2692 operatus
650 2627 718 2675 est
741 2643 826 2691 pro
850 2643 909 2674 eo
933 2626 1077 2692 longe
1102 2626 1206 2691 post
1229 2626 1412 2674 obitum
1436 2627 1586 2675 suum.
1659 2625 1777 2674 Erat
1802 2627 1928 2674 enim
1951 2626 1999 2674 in
2019 2625 2148 2674 dieto
2173 2627 2354 2674 monas-

402 2707 520 2755 terio
547 2706 903 2756 Melrosenfium
927 2706 1123 2771 quidam
1146 2706 1407 2755 monachus
1431 2706 1716 2772 grandevus,
1736 2706 2005 2755 Willelmus
2029 2706 2088 2754 de
2110 2706 2248 2754 Duns
2271 2723 2354 2754 no-

401 2788 543 2842 mine,
569 2794 700 2835 tante
725 2786 938 2835 cecitatis
961 2786 1081 2834 mira
1109 2786 1422 2835 strifititudine
1457 2786 1711 2851 percuss'us,
1748 2793 1800 2834 ut
1823 2786 1858 2834 fi
1889 2786 1963 2834 vel
1999 2787 2096 2850 ipse
2120 2786 2195 2834 vel
2231 2785 2351 2834 alius

401 2884 593 2916 manum
619 2868 751 2916 suam
775 2866 1049 2915 admoveret
1073 2865 1135 2914 ad
1159 2865 1467 2930 aperiendum
1489 2866 1742 2931 palpebras
1766 2866 2010 2914 oculorum
2035 2865 2154 2931 ejus,
2172 2882 2352 2930 nequa·

402 2964 547 3012 quam
571 2947 742 3012 operiri
765 2945 1034 3012 potuifl'ent.
1107 2944 1203 2994 Hic
1236 2946 1457 2994 nimirum
1487 2946 1646 2994 multis
1682 2945 1850 2995 diebus
1882 2945 2048 2994 dolens
2079 2962 2165 3011 pro
2200 2945 2350 3010 priva-

400 3028 530 3076 tione
554 3028 675 3076 visus
698 3027 929 3075 luminum
951 3027 1155 3082 suorum,
1180 3026 1372 3075 demum
1396 3026 1581 3092 rogavit
1605 3026 1847 3075 custodem
1870 3025 1954 3074 fibi
1986 3026 2268 3091 deputatum
2299 3033 2350 3073 ut

402 3107 653 3156 duceretur
678 3107 739 3155 ab
764 3124 822 3156 eo
847 3106 910 3155 ad
932 3106 1167 3155 tumulum
1190 3106 1341 3156 sancti
1363 3107 1449 3155 viri
1467 3106 1602 3172 cujus
1619 3106 1749 3155 modi
1766 3107 1859 3156 feci
1874 3106 2180 3162 mentionem,
2200 3106 2350 3171 cujus-

403 3204 499 3251 que
520 3188 892 3237 familiaritatem
913 3195 1237 3252 promeruerat
1268 3187 1530 3236 monachus
1565 3203 1719 3236 caecus
1749 3187 1908 3236 factus
1937 3194 2047 3235 ante
2078 3186 2352 3252 migration-

405 3282 481 3315 em
505 3268 607 3333 ejus
631 3285 690 3316 ex
713 3268 806 3317 hac
822 3268 919 3316 vita
937 3267 1000 3316 ad
1021 3267 1273 3317 Christum.
1315 3267 1441 3316 Cum
1464 3267 1657 3316 venifl'et
1682 3284 1797 3334 ergo
1822 3267 1884 3316 ad
1907 3267 2172 3333 sepulcrum
2196 3266 2350 3331 ipfius,
