<?xml version="1.0" encoding="UTF-8"?>
<!DOCTYPE html PUBLIC "-//W3C//DTD XHTML 1.0 Transitional//EN"
    "http://www.w3.org/TR/xhtml1/DTD/xhtml1-transitional.dtd">
<html xmlns="http://www.w3.org/1999/xhtml" xml:lang="en" lang="en">
 <head>
  <title>
</title>
<meta http-equiv="Content-Type" content="text/html;charset=utf-8" />
  <meta name='ocr-system' content='tesseract 3.04.00' />
  <meta name='ocr-capabilities' content='ocr_page ocr_carea ocr_par ocr_line ocrx_word'/>
</head>
<body>
  <div class='ocr_page' id='page_1' title='image "./chronicdemailros00melruoft_0084.png"; bbox 0 0 2852 3874; ppageno 0'>
   <div class='ocr_carea' id='block_1_1' title="bbox 534 483 2447 566">
    <p class='ocr_par' dir='ltr' id='par_1_1' title="bbox 534 483 2447 566">
     <span class='ocr_line' id='line_1_1' title="bbox 534 483 2447 566; baseline -0.004 -22"><span class='ocrx_word' id='word_1_1' title='bbox 534 500 597 544; x_wconf 83' lang='lat'>50</span> <span class='ocrx_word' id='word_1_2' title='bbox 994 487 1418 566; x_wconf 71' lang='lat' dir='ltr'>GHRONICA</span> <span class='ocrx_word' id='word_1_3' title='bbox 1461 486 1564 538; x_wconf 89' lang='lat' dir='ltr'>DE</span> <span class='ocrx_word' id='word_1_4' title='bbox 1607 483 1990 537; x_wconf 82' lang='lat' dir='ltr'><strong>MAILROS.</strong></span> <span class='ocrx_word' id='word_1_5' title='bbox 2143 486 2276 539; x_wconf 68' lang='lat' dir='ltr'>AD.</span> <span class='ocrx_word' id='word_1_6' title='bbox 2307 492 2447 537; x_wconf 88' lang='grc'><strong>1051.</strong></span> 
     </span>
    </p>
   </div>
   <div class='ocr_carea' id='block_1_2' title="bbox 519 621 2852 2823">
    <p class='ocr_par' dir='ltr' id='par_1_2' title="bbox 538 621 2852 843">
     <span class='ocr_line' id='line_1_2' title="bbox 605 621 2450 698; baseline -0.007 -13"><span class='ocrx_word' id='word_1_7' title='bbox 605 636 708 685; x_wconf 83' lang='lat' dir='ltr'>Rex</span> <span class='ocrx_word' id='word_1_8' title='bbox 733 630 988 683; x_wconf 79' lang='lat' dir='ltr'>Edwardus</span> <span class='ocrx_word' id='word_1_9' title='bbox 1019 629 1214 678; x_wconf 77' lang='lat' dir='ltr'>absolvit</span> <span class='ocrx_word' id='word_1_10' title='bbox 1239 627 1424 691; x_wconf 87' lang='lat' dir='ltr'>Anglos</span> <span class='ocrx_word' id='word_1_11' title='bbox 1447 643 1476 674; x_wconf 87' lang='lat' dir='ltr'>a</span> <span class='ocrx_word' id='word_1_12' title='bbox 1505 626 1637 691; x_wconf 77' lang='lat' dir='ltr'>gravi</span> <span class='ocrx_word' id='word_1_13' title='bbox 1660 625 1908 690; x_wconf 60' lang='lat' dir='ltr'>vectigali,</span> <span class='ocrx_word' id='word_1_14' title='bbox 1924 625 1978 674; x_wconf 74' lang='lat' dir='ltr'>id</span> <span class='ocrx_word' id='word_1_15' title='bbox 1997 626 2066 675; x_wconf 77' lang='lat' dir='ltr'>est</span> <span class='ocrx_word' id='word_1_16' title='bbox 2087 621 2198 678; x_wconf 62' lang='lat' dir='ltr'>x—x‘m</span> <span class='ocrx_word' id='word_1_17' title='bbox 2225 628 2450 698; x_wconf 62' lang='lat' dir='ltr'>[m]</span> 
     </span>
     <span class='ocr_line' id='line_1_3' title="bbox 538 703 2852 781; baseline 0.001 -25"><span class='ocrx_word' id='word_1_18' title='bbox 538 716 774 767; x_wconf 55' lang='lat' dir='ltr'>mnarum,</span> <span class='ocrx_word' id='word_1_19' title='bbox 800 718 928 759; x_wconf 69' lang='lat' dir='ltr'><strong>xxx0.</strong></span> <span class='ocrx_word' id='word_1_20' title='bbox 952 716 1000 756; x_wconf 73' lang='lat' dir='ltr'>et</span> <span class='ocrx_word' id='word_1_21' title='bbox 1022 707 1137 771; x_wconf 72' lang='lat' dir='ltr'>viij0.</span> <span class='ocrx_word' id='word_1_22' title='bbox 1163 722 1287 754; x_wconf 80' lang='lat' dir='ltr'>anno</span> <span class='ocrx_word' id='word_1_23' title='bbox 1311 721 1371 753; x_wconf 83' lang='lat' dir='ltr'>ex</span> <span class='ocrx_word' id='word_1_24' title='bbox 1393 720 1488 769; x_wconf 88' lang='lat' dir='ltr'>quo</span> <span class='ocrx_word' id='word_1_25' title='bbox 1519 711 1655 769; x_wconf 72' lang='lat' dir='ltr'>pater</span> <span class='ocrx_word' id='word_1_26' title='bbox 1686 704 1794 755; x_wconf 69' lang='lat' dir='ltr'>finus</span> <span class='ocrx_word' id='word_1_27' title='bbox 1829 719 1913 753; x_wconf 80' lang='lat' dir='ltr'>rex</span> <span class='ocrx_word' id='word_1_28' title='bbox 1932 703 2223 771; x_wconf 79' lang='lat' dir='ltr'>AEgehedus</span> <span class='ocrx_word' id='word_1_29' title='bbox 2242 708 2456 773; x_wconf 79' lang='lat' dir='ltr'>primitus</span> <span class='ocrx_word' id='word_1_30' title='bbox 2848 760 2852 781; x_wconf 34' lang='grc' dir='ltr'>ἓ</span> 
     </span>
     <span class='ocr_line' id='line_1_4' title="bbox 539 782 2852 843; baseline -0.011 -3"><span class='ocrx_word' id='word_1_31' title='bbox 539 792 732 843; x_wconf 85' lang='lat' dir='ltr'>Danicis</span> <span class='ocrx_word' id='word_1_32' title='bbox 754 789 801 837; x_wconf 94' lang='lat' dir='ltr'>id</span> <span class='ocrx_word' id='word_1_33' title='bbox 824 786 1047 835; x_wconf 88' lang='lat' dir='ltr'>solidariis</span> <span class='ocrx_word' id='word_1_34' title='bbox 1070 784 1181 833; x_wconf 90' lang='lat' dir='ltr'>solvi</span> <span class='ocrx_word' id='word_1_35' title='bbox 1204 782 1466 832; x_wconf 86' lang='lat' dir='ltr'>mandarat.</span> <span class='ocrx_word' id='word_1_36' title='bbox 2848 791 2852 814; x_wconf 73' lang='grc' dir='ltr'>ι</span> 
     </span>
    </p>

    <p class='ocr_par' dir='ltr' id='par_1_3' title="bbox 519 861 2685 1403">
     <span class='ocr_line' id='line_1_5' title="bbox 601 861 2456 929; baseline -0.001 -12"><span class='ocrx_word' id='word_1_37' title='bbox 601 871 718 918; x_wconf 82' lang='lat' dir='ltr'>Orta</span> <span class='ocrx_word' id='word_1_38' title='bbox 740 866 964 915; x_wconf 72' lang='lat' dir='ltr'>seditione</span> <span class='ocrx_word' id='word_1_39' title='bbox 987 865 1107 912; x_wconf 84' lang='lat' dir='ltr'>inter</span> <span class='ocrx_word' id='word_1_40' title='bbox 1124 879 1288 929; x_wconf 89' lang='lat' dir='ltr'>regem</span> <span class='ocrx_word' id='word_1_41' title='bbox 1310 870 1358 911; x_wconf 89' lang='lat' dir='ltr'>et</span> <span class='ocrx_word' id='word_1_42' title='bbox 1381 861 1600 911; x_wconf 86' lang='lat' dir='ltr'>comitem</span> <span class='ocrx_word' id='word_1_43' title='bbox 1619 861 1918 918; x_wconf 83' lang='lat' dir='ltr'>Godwimnn,</span> <span class='ocrx_word' id='word_1_44' title='bbox 1942 878 2028 927; x_wconf 87' lang='lat' dir='ltr'>pro</span> <span class='ocrx_word' id='word_1_45' title='bbox 2045 864 2250 929; x_wconf 72' lang='lat' dir='ltr'>eoquod</span> <span class='ocrx_word' id='word_1_46' title='bbox 2270 866 2456 916; x_wconf 69' lang='lat' dir='ltr'>tradere</span> 
     </span>
     <span class='ocr_line' id='line_1_6' title="bbox 535 941 2455 1007; baseline -0.001 -10"><span class='ocrx_word' id='word_1_47' title='bbox 535 948 681 998; x_wconf 89' lang='lat' dir='ltr'>noluit</span> <span class='ocrx_word' id='word_1_48' title='bbox 704 946 841 995; x_wconf 91' lang='lat' dir='ltr'>morti</span> <span class='ocrx_word' id='word_1_49' title='bbox 877 944 1100 993; x_wconf 91' lang='lat' dir='ltr'>sororium</span> <span class='ocrx_word' id='word_1_50' title='bbox 1123 944 1256 991; x_wconf 89' lang='lat' dir='ltr'>suum</span> <span class='ocrx_word' id='word_1_51' title='bbox 1292 942 1513 990; x_wconf 92' lang='lat' dir='ltr'>comitem</span> <span class='ocrx_word' id='word_1_52' title='bbox 1538 941 1900 998; x_wconf 84' lang='lat' dir='ltr'>Bononiensem,</span> <span class='ocrx_word' id='word_1_53' title='bbox 1925 943 2059 1007; x_wconf 77' lang='lat' dir='ltr'>cujus</span> <span class='ocrx_word' id='word_1_54' title='bbox 2082 943 2257 994; x_wconf 84' lang='lat' dir='ltr'><strong>milites</strong></span> <span class='ocrx_word' id='word_1_55' title='bbox 2289 945 2455 996; x_wconf 81' lang='lat' dir='ltr'>stolide</span> 
     </span>
     <span class='ocr_line' id='line_1_7' title="bbox 532 1020 2456 1091; baseline -0.001 -15"><span class='ocrx_word' id='word_1_56' title='bbox 532 1027 727 1091; x_wconf 83' lang='lat' dir='ltr'>hospitia</span> <span class='ocrx_word' id='word_1_57' title='bbox 761 1030 1011 1090; x_wconf 84' lang='lat' dir='ltr'>querentes</span> <span class='ocrx_word' id='word_1_58' title='bbox 1047 1022 1174 1087; x_wconf 89' lang='lat' dir='ltr'>apud</span> <span class='ocrx_word' id='word_1_59' title='bbox 1211 1022 1376 1070; x_wconf 89' lang='lat' dir='ltr'>Douer</span> <span class='ocrx_word' id='word_1_60' title='bbox 1399 1021 1481 1069; x_wconf 85' lang='lat' dir='ltr'>ubi</span> <span class='ocrx_word' id='word_1_61' title='bbox 1515 1021 1822 1086; x_wconf 86' lang='lat' dir='ltr'>applicuerat,</span> <span class='ocrx_word' id='word_1_62' title='bbox 1823 1020 1844 1050; x_wconf 80' lang='lat'>¹¹</span> <span class='ocrx_word' id='word_1_63' title='bbox 1878 1022 2035 1086; x_wconf 91' lang='lat' dir='ltr'>plures</span> <span class='ocrx_word' id='word_1_64' title='bbox 2059 1039 2086 1070; x_wconf 94' lang='lat' dir='ltr'>e</span> <span class='ocrx_word' id='word_1_65' title='bbox 2110 1023 2289 1073; x_wconf 90' lang='lat' dir='ltr'>civibus</span> <span class='ocrx_word' id='word_1_66' title='bbox 2323 1041 2456 1091; x_wconf 88' lang='lat' dir='ltr'>pere-</span> 
     </span>
     <span class='ocr_line' id='line_1_8' title="bbox 531 1100 2695 1169; baseline -0.001 -14"><span class='ocrx_word' id='word_1_67' title='bbox 531 1113 730 1160; x_wconf 87' lang='lat' dir='ltr'>merunt,</span> <span class='ocrx_word' id='word_1_68' title='bbox 755 1105 834 1169; x_wconf 91' lang='lat' dir='ltr'>qui</span> <span class='ocrx_word' id='word_1_69' title='bbox 859 1111 906 1151; x_wconf 93' lang='lat' dir='ltr'>et</span> <span class='ocrx_word' id='word_1_70' title='bbox 928 1104 1025 1167; x_wconf 77' lang='lat' dir='ltr'>ipse</span> <span class='ocrx_word' id='word_1_71' title='bbox 1049 1102 1111 1150; x_wconf 89' lang='lat' dir='ltr'>ad</span> <span class='ocrx_word' id='word_1_72' title='bbox 1134 1101 1335 1149; x_wconf 87' lang='lat' dir='ltr'>castrum</span> <span class='ocrx_word' id='word_1_73' title='bbox 1360 1101 1520 1149; x_wconf 90' lang='lat' dir='ltr'>Dover</span> <span class='ocrx_word' id='word_1_74' title='bbox 1537 1117 1645 1148; x_wconf 86' lang='lat' dir='ltr'>cum</span> <span class='ocrx_word' id='word_1_75' title='bbox 1666 1100 1758 1149; x_wconf 77' lang='lat' dir='ltr'>suis</span> <span class='ocrx_word' id='word_1_76' title='bbox 1773 1102 2075 1166; x_wconf 80' lang='lat' dir='ltr'>confugerat3</span> <span class='ocrx_word' id='word_1_77' title='bbox 2109 1103 2302 1152; x_wconf 81' lang='lat' dir='ltr'>tandem</span> <span class='ocrx_word' id='word_1_78' title='bbox 2323 1104 2455 1154; x_wconf 83' lang='lat' dir='ltr'>God-</span> <span class='ocrx_word' id='word_1_79' title='bbox 2514 1106 2695 1144; x_wconf 82' lang='lat' dir='ltr'>f01.12.b.</span> 
     </span>
     <span class='ocr_line' id='line_1_9' title="bbox 532 1179 2455 1247; baseline -0.001 -13"><span class='ocrx_word' id='word_1_80' title='bbox 532 1187 677 1234; x_wconf 86' lang='lat' dir='ltr'>winus</span> <span class='ocrx_word' id='word_1_81' title='bbox 701 1200 807 1231; x_wconf 87' lang='lat' dir='ltr'>cum</span> <span class='ocrx_word' id='word_1_82' title='bbox 830 1199 941 1247; x_wconf 84' lang='lat' dir='ltr'>rege</span> <span class='ocrx_word' id='word_1_83' title='bbox 977 1181 1202 1246; x_wconf 85' lang='lat' dir='ltr'>placitare</span> <span class='ocrx_word' id='word_1_84' title='bbox 1239 1180 1490 1235; x_wconf 89' lang='lat' dir='ltr'>volentem,</span> <span class='ocrx_word' id='word_1_85' title='bbox 1527 1179 1777 1243; x_wconf 89' lang='lat' dir='ltr'>postquam</span> <span class='ocrx_word' id='word_1_86' title='bbox 1813 1179 1884 1228; x_wconf 94' lang='lat' dir='ltr'>bis</span> <span class='ocrx_word' id='word_1_87' title='bbox 1918 1181 2054 1244; x_wconf 89' lang='lat' dir='ltr'>super</span> <span class='ocrx_word' id='word_1_88' title='bbox 2083 1198 2246 1247; x_wconf 89' lang='lat' dir='ltr'>regem</span> <span class='ocrx_word' id='word_1_89' title='bbox 2281 1185 2455 1233; x_wconf 89' lang='lat' dir='ltr'>exerci-</span> 
     </span>
     <span class='ocr_line' id='line_1_10' title="bbox 519 1258 2456 1326; baseline 0.001 -14"><span class='ocrx_word' id='word_1_90' title='bbox 519 1260 633 1312; x_wconf 78' lang='lat' dir='ltr'>&#39;tum</span> <span class='ocrx_word' id='word_1_91' title='bbox 657 1263 867 1316; x_wconf 86' lang='lat' dir='ltr'>duxerat,</span> <span class='ocrx_word' id='word_1_92' title='bbox 908 1268 955 1308; x_wconf 91' lang='lat' dir='ltr'>et</span> <span class='ocrx_word' id='word_1_93' title='bbox 994 1259 1199 1308; x_wconf 88' lang='lat' dir='ltr'>secundo</span> <span class='ocrx_word' id='word_1_94' title='bbox 1239 1258 1442 1323; x_wconf 84' lang='lat' dir='ltr'>dilapsus</span> <span class='ocrx_word' id='word_1_95' title='bbox 1482 1259 1638 1308; x_wconf 83' lang='lat' dir='ltr'>fuerat</span> <span class='ocrx_word' id='word_1_96' title='bbox 1674 1258 1735 1306; x_wconf 91' lang='lat' dir='ltr'>ab</span> <span class='ocrx_word' id='word_1_97' title='bbox 1759 1274 1834 1314; x_wconf 91' lang='lat' dir='ltr'>eo,</span> <span class='ocrx_word' id='word_1_98' title='bbox 1857 1258 2014 1307; x_wconf 88' lang='lat' dir='ltr'>subter</span> <span class='ocrx_word' id='word_1_99' title='bbox 2037 1260 2300 1326; x_wconf 84' lang='lat' dir='ltr'>fugientem</span> <span class='ocrx_word' id='word_1_100' title='bbox 2331 1263 2456 1313; x_wconf 90' lang='lat' dir='ltr'>diem</span> 
     </span>
     <span class='ocr_line' id='line_1_11' title="bbox 537 1337 1721 1403; baseline -0.005 -12"><span class='ocrx_word' id='word_1_101' title='bbox 537 1342 849 1395; x_wconf 89' lang='lat' dir='ltr'>constitutum,</span> <span class='ocrx_word' id='word_1_102' title='bbox 875 1357 981 1387; x_wconf 91' lang='lat' dir='ltr'>cum</span> <span class='ocrx_word' id='word_1_103' title='bbox 1005 1339 1213 1403; x_wconf 92' lang='lat' dir='ltr'>quinque</span> <span class='ocrx_word' id='word_1_104' title='bbox 1236 1338 1340 1386; x_wconf 89' lang='lat' dir='ltr'>filiis</span> <span class='ocrx_word' id='word_1_105' title='bbox 1365 1354 1446 1386; x_wconf 87' lang='lat' dir='ltr'>rex</span> <span class='ocrx_word' id='word_1_106' title='bbox 1470 1337 1721 1402; x_wconf 85' lang='lat' dir='ltr'>exlegavit.</span> 
     </span>
    </p>

    <p class='ocr_par' dir='ltr' id='par_1_4' title="bbox 534 1416 2458 1644">
     <span class='ocr_line' id='line_1_12' title="bbox 604 1416 2456 1470; baseline 0.001 -1"><span class='ocrx_word' id='word_1_107' title='bbox 604 1421 708 1469; x_wconf 86' lang='lat' dir='ltr'>Rex</span> <span class='ocrx_word' id='word_1_108' title='bbox 732 1419 990 1468; x_wconf 84' lang='lat' dir='ltr'>Edwardus</span> <span class='ocrx_word' id='word_1_109' title='bbox 1016 1418 1308 1466; x_wconf 89' lang='lat' dir='ltr'>Willelmum</span> <span class='ocrx_word' id='word_1_110' title='bbox 1331 1417 1552 1466; x_wconf 89' lang='lat' dir='ltr'>comitem</span> <span class='ocrx_word' id='word_1_111' title='bbox 1578 1416 1777 1465; x_wconf 87' lang='lat' dir='ltr'>Bastard</span> <span class='ocrx_word' id='word_1_112' title='bbox 1801 1416 1854 1466; x_wconf 92' lang='lat' dir='ltr'>N</span> <span class='ocrx_word' id='word_1_113' title='bbox 1855 1418 2109 1467; x_wconf 89' lang='lat' dir='ltr'>ormanniae</span> <span class='ocrx_word' id='word_1_114' title='bbox 2133 1419 2196 1467; x_wconf 90' lang='lat' dir='ltr'>ad</span> <span class='ocrx_word' id='word_1_115' title='bbox 2218 1421 2266 1469; x_wconf 88' lang='lat' dir='ltr'>se</span> <span class='ocrx_word' id='word_1_116' title='bbox 2289 1421 2336 1469; x_wconf 91' lang='lat' dir='ltr'>in</span> <span class='ocrx_word' id='word_1_117' title='bbox 2358 1422 2456 1470; x_wconf 93' lang='lat' dir='ltr'>An-</span> 
     </span>
     <span class='ocr_line' id='line_1_13' title="bbox 535 1496 2458 1566; baseline 0.001 -18"><span class='ocrx_word' id='word_1_118' title='bbox 535 1502 634 1566; x_wconf 83' lang='lat' dir='ltr'>glia</span> <span class='ocrx_word' id='word_1_119' title='bbox 646 1501 925 1554; x_wconf 75' lang='lat' dir='ltr'>venientem,</span> <span class='ocrx_word' id='word_1_120' title='bbox 943 1514 1118 1563; x_wconf 85' lang='lat' dir='ltr'>magno</span> <span class='ocrx_word' id='word_1_121' title='bbox 1138 1512 1244 1545; x_wconf 88' lang='lat' dir='ltr'>cum</span> <span class='ocrx_word' id='word_1_122' title='bbox 1267 1496 1444 1544; x_wconf 88' lang='lat' dir='ltr'>honore</span> <span class='ocrx_word' id='word_1_123' title='bbox 1462 1496 1675 1561; x_wconf 79' lang='lat' dir='ltr'>suscepit,</span> <span class='ocrx_word' id='word_1_124' title='bbox 1700 1504 1747 1544; x_wconf 91' lang='lat' dir='ltr'>et</span> <span class='ocrx_word' id='word_1_125' title='bbox 1770 1497 1928 1545; x_wconf 86' lang='lat' dir='ltr'>multis</span> <span class='ocrx_word' id='word_1_126' title='bbox 1943 1497 2170 1546; x_wconf 88' lang='lat' dir='ltr'>donatum</span> <span class='ocrx_word' id='word_1_127' title='bbox 2187 1500 2458 1551; x_wconf 89' lang='lat' dir='ltr'>muneribus</span> 
     </span>
     <span class='ocr_line' id='line_1_14' title="bbox 534 1577 1023 1644; baseline -0.006 -17"><span class='ocrx_word' id='word_1_128' title='bbox 534 1580 596 1627; x_wconf 58' lang='lat' dir='ltr'>ad&gt;</span> <span class='ocrx_word' id='word_1_129' title='bbox 632 1579 817 1644; x_wconf 90' lang='lat' dir='ltr'>propria</span> <span class='ocrx_word' id='word_1_130' title='bbox 839 1577 1023 1626; x_wconf 85' lang='lat' dir='ltr'>remifit.</span> 
     </span>
    </p>

    <p class='ocr_par' dir='ltr' id='par_1_5' title="bbox 540 1649 2852 1791">
     <span class='ocr_line' id='line_1_15' title="bbox 602 1649 2852 1728; baseline 0.001 -23"><span class='ocrx_word' id='word_1_131' title='bbox 602 1658 742 1705; x_wconf 91' lang='lat' dir='ltr'>Anno</span> <span class='ocrx_word' id='word_1_132' title='bbox 766 1658 889 1721; x_wconf 87' lang='lat' dir='ltr'>M.lij.</span> <span class='ocrx_word' id='word_1_133' title='bbox 928 1656 1099 1704; x_wconf 87' lang='lat' dir='ltr'>Emma</span> <span class='ocrx_word' id='word_1_134' title='bbox 1123 1672 1216 1720; x_wconf 93' lang='lat' dir='ltr'>que</span> <span class='ocrx_word' id='word_1_135' title='bbox 1254 1663 1301 1702; x_wconf 90' lang='lat' dir='ltr'>et</span> <span class='ocrx_word' id='word_1_136' title='bbox 1338 1654 1529 1719; x_wconf 85' lang='lat' dir='ltr'>Elgiua,</span> <span class='ocrx_word' id='word_1_137' title='bbox 1567 1654 1809 1719; x_wconf 87' lang='lat' dir='ltr'>quondam</span> <span class='ocrx_word' id='word_1_138' title='bbox 1849 1655 2014 1719; x_wconf 84' lang='lat' dir='ltr'>regina</span> <span class='ocrx_word' id='word_1_139' title='bbox 2040 1654 2306 1721; x_wconf 79' lang='lat' dir='ltr'>Anglorum</span> <span class='ocrx_word' id='word_1_140' title='bbox 2329 1659 2456 1707; x_wconf 72' lang='lat' dir='ltr'>obiiti</span> <span class='ocrx_word' id='word_1_141' title='bbox 2846 1649 2852 1728; x_wconf 64' lang='grc' dir='ltr'>Ξ</span> 
     </span>
     <span class='ocr_line' id='line_1_16' title="bbox 540 1735 2852 1791; baseline 0 -8"><span class='ocrx_word' id='word_1_142' title='bbox 540 1735 812 1784; x_wconf 86' lang='lat' dir='ltr'>Wintoniae.</span> <span class='ocrx_word' id='word_1_143' title='bbox 2847 1764 2852 1791; x_wconf 53' lang='grc' dir='ltr'><strong>ς</strong></span> 
     </span>
    </p>

    <p class='ocr_par' dir='ltr' id='par_1_6' title="bbox 534 1811 2459 2034">
     <span class='ocr_line' id='line_1_17' title="bbox 603 1811 2459 1866; baseline 0.002 -4"><span class='ocrx_word' id='word_1_144' title='bbox 603 1814 707 1862; x_wconf 85' lang='lat' dir='ltr'>Rex</span> <span class='ocrx_word' id='word_1_145' title='bbox 743 1813 1002 1861; x_wconf 88' lang='lat' dir='ltr'>Edwardus</span> <span class='ocrx_word' id='word_1_146' title='bbox 1037 1821 1084 1861; x_wconf 93' lang='lat' dir='ltr'>et</span> <span class='ocrx_word' id='word_1_147' title='bbox 1119 1829 1278 1860; x_wconf 89' lang='lat' dir='ltr'>comes</span> <span class='ocrx_word' id='word_1_148' title='bbox 1315 1813 1588 1865; x_wconf 86' lang='lat' dir='ltr'>Godwinus,</span> <span class='ocrx_word' id='word_1_149' title='bbox 1626 1820 1674 1860; x_wconf 89' lang='lat' dir='ltr'>et</span> <span class='ocrx_word' id='word_1_150' title='bbox 1713 1812 1793 1859; x_wconf 92' lang='lat' dir='ltr'>filii</span> <span class='ocrx_word' id='word_1_151' title='bbox 1824 1812 1891 1859; x_wconf 84' lang='lat' dir='ltr'>sui</span> <span class='ocrx_word' id='word_1_152' title='bbox 1927 1812 1987 1858; x_wconf 86' lang='lat' dir='ltr'>ad</span> <span class='ocrx_word' id='word_1_153' title='bbox 2018 1811 2217 1861; x_wconf 90' lang='lat' dir='ltr'>invicem</span> <span class='ocrx_word' id='word_1_154' title='bbox 2255 1818 2459 1866; x_wconf 90' lang='lat' dir='ltr'>reconci-</span> 
     </span>
     <span class='ocr_line' id='line_1_18' title="bbox 534 1888 2459 1954; baseline 0.002 -13"><span class='ocrx_word' id='word_1_155' title='bbox 534 1894 632 1941; x_wconf 90' lang='lat' dir='ltr'>liati</span> <span class='ocrx_word' id='word_1_156' title='bbox 663 1894 782 1946; x_wconf 89' lang='lat' dir='ltr'>sunt,</span> <span class='ocrx_word' id='word_1_157' title='bbox 813 1891 1013 1954; x_wconf 86' lang='lat' dir='ltr'>receptis</span> <span class='ocrx_word' id='word_1_158' title='bbox 1036 1890 1234 1954; x_wconf 88' lang='lat' dir='ltr'>pristinis</span> <span class='ocrx_word' id='word_1_159' title='bbox 1269 1888 1577 1953; x_wconf 85' lang='lat' dir='ltr'>dignitatibus</span> <span class='ocrx_word' id='word_1_160' title='bbox 1616 1889 1729 1944; x_wconf 84' lang='lat' dir='ltr'>suis;</span> <span class='ocrx_word' id='word_1_161' title='bbox 1765 1897 1813 1936; x_wconf 90' lang='lat' dir='ltr'>et</span> <span class='ocrx_word' id='word_1_162' title='bbox 1853 1889 2117 1938; x_wconf 88' lang='lat' dir='ltr'>Normanni</span> <span class='ocrx_word' id='word_1_163' title='bbox 2157 1893 2256 1941; x_wconf 88' lang='lat' dir='ltr'>fere</span> <span class='ocrx_word' id='word_1_164' title='bbox 2297 1910 2459 1944; x_wconf 90' lang='lat' dir='ltr'>omnes</span> 
     </span>
     <span class='ocr_line' id='line_1_19' title="bbox 537 1969 1115 2034; baseline -0.009 -15"><span class='ocrx_word' id='word_1_165' title='bbox 537 1972 596 2019; x_wconf 88' lang='lat' dir='ltr'>ab</span> <span class='ocrx_word' id='word_1_166' title='bbox 624 1970 801 2034; x_wconf 86' lang='lat' dir='ltr'>Anglia</span> <span class='ocrx_word' id='word_1_167' title='bbox 825 1969 1115 2032; x_wconf 86' lang='lat' dir='ltr'>exlegantur.</span> 
     </span>
    </p>

    <p class='ocr_par' dir='ltr' id='par_1_7' title="bbox 541 2044 2457 2191">
     <span class='ocr_line' id='line_1_20' title="bbox 607 2044 2457 2110; baseline 0.003 -14"><span class='ocrx_word' id='word_1_168' title='bbox 607 2046 899 2096; x_wconf 74' lang='lat' dir='ltr'>Rodbertusk</span> <span class='ocrx_word' id='word_1_169' title='bbox 924 2044 1292 2094; x_wconf 87' lang='lat' dir='ltr'>Dorobernenfis</span> <span class='ocrx_word' id='word_1_170' title='bbox 1316 2045 1690 2110; x_wconf 77' lang='lat' dir='ltr'>archiepiscopus</span> <span class='ocrx_word' id='word_1_171' title='bbox 1714 2061 1822 2092; x_wconf 88' lang='lat' dir='ltr'>cum</span> <span class='ocrx_word' id='word_1_172' title='bbox 1844 2046 1936 2094; x_wconf 91' lang='lat' dir='ltr'>suis</span> <span class='ocrx_word' id='word_1_173' title='bbox 1959 2047 2164 2097; x_wconf 84' lang='lat' dir='ltr'>evadens</span> <span class='ocrx_word' id='word_1_174' title='bbox 2182 2050 2257 2097; x_wconf 89' lang='lat' dir='ltr'>vix</span> <span class='ocrx_word' id='word_1_175' title='bbox 2280 2053 2457 2101; x_wconf 88' lang='lat' dir='ltr'>receffit</span> 
     </span>
     <span class='ocr_line' id='line_1_21' title="bbox 541 2126 820 2191; baseline -0.004 -17"><span class='ocrx_word' id='word_1_176' title='bbox 541 2128 600 2174; x_wconf 87' lang='lat' dir='ltr'>ab</span> <span class='ocrx_word' id='word_1_177' title='bbox 628 2126 820 2191; x_wconf 87' lang='lat' dir='ltr'>Anglia.</span> 
     </span>
    </p>

    <p class='ocr_par' dir='ltr' id='par_1_8' title="bbox 542 2187 2457 2347">
     <span class='ocr_line' id='line_1_22' title="bbox 607 2187 2457 2275; baseline 0.003 -22"><span class='ocrx_word' id='word_1_178' title='bbox 607 2207 747 2253; x_wconf 90' lang='lat' dir='ltr'>Anno</span> <span class='ocrx_word' id='word_1_179' title='bbox 782 2222 836 2252; x_wconf 95' lang='lat' dir='ltr'>M.</span> <span class='ocrx_word' id='word_1_180' title='bbox 840 2204 921 2268; x_wconf 90' lang='lat' dir='ltr'>liij.</span> <span class='ocrx_word' id='word_1_181' title='bbox 962 2212 1103 2268; x_wconf 87' lang='lat' dir='ltr'>caput</span> <span class='ocrx_word' id='word_1_182' title='bbox 1146 2203 1241 2251; x_wconf 91' lang='lat' dir='ltr'>Res</span> <span class='ocrx_word' id='word_1_183' title='bbox 1280 2187 1434 2252; x_wconf 84' lang='lat' dir='ltr'>fratris</span> <span class='ocrx_word' id='word_1_184' title='bbox 1477 2203 1661 2251; x_wconf 89' lang='lat' dir='ltr'>Griffini</span> <span class='ocrx_word' id='word_1_185' title='bbox 1701 2204 1825 2268; x_wconf 87' lang='lat' dir='ltr'>regis</span> <span class='ocrx_word' id='word_1_186' title='bbox 1853 2203 2156 2253; x_wconf 88' lang='lat' dir='ltr'>Walenfium¹</span> <span class='ocrx_word' id='word_1_187' title='bbox 2196 2207 2257 2255; x_wconf 89' lang='lat' dir='ltr'>ad</span> <span class='ocrx_word' id='word_1_188' title='bbox 2296 2226 2457 2275; x_wconf 85' lang='lat' dir='ltr'>regem</span> 
     </span>
     <span class='ocr_line' id='line_1_23' title="bbox 542 2282 2455 2347; baseline 0.003 -15"><span class='ocrx_word' id='word_1_189' title='bbox 542 2284 862 2332; x_wconf 88' lang='lat' dir='ltr'>Edwardam</span> <span class='ocrx_word' id='word_1_190' title='bbox 851 2300 897 2330; x_wconf 93' lang='lat' dir='ltr'>1n</span> <span class='ocrx_word' id='word_1_191' title='bbox 928 2283 1087 2347; x_wconf 84' lang='lat' dir='ltr'>vigilia</span> <span class='ocrx_word' id='word_1_192' title='bbox 1121 2282 1402 2347; x_wconf 88' lang='lat' dir='ltr'>epiphannie</span> <span class='ocrx_word' id='word_1_193' title='bbox 1431 2282 1560 2346; x_wconf 91' lang='lat' dir='ltr'>[Jan.</span> <span class='ocrx_word' id='word_1_194' title='bbox 1587 2282 1638 2346; x_wconf 90' lang='lat'>5]</span> <span class='ocrx_word' id='word_1_195' title='bbox 1668 2283 1795 2347; x_wconf 90' lang='lat' dir='ltr'>apud</span> <span class='ocrx_word' id='word_1_196' title='bbox 1821 2283 2119 2332; x_wconf 86' lang='lat' dir='ltr'>Glawornam</span> <span class='ocrx_word' id='word_1_197' title='bbox 2149 2286 2341 2335; x_wconf 86' lang='lat' dir='ltr'>allatum</span> <span class='ocrx_word' id='word_1_198' title='bbox 2374 2290 2455 2337; x_wconf 91' lang='lat' dir='ltr'>est.</span> 
     </span>
    </p>

    <p class='ocr_par' dir='ltr' id='par_1_9' title="bbox 539 2361 2458 2664">
     <span class='ocr_line' id='line_1_24' title="bbox 608 2361 2458 2432; baseline 0.004 -23"><span class='ocrx_word' id='word_1_199' title='bbox 608 2362 864 2410; x_wconf 90' lang='lat' dir='ltr'>Godwinus</span> <span class='ocrx_word' id='word_1_200' title='bbox 896 2378 1054 2409; x_wconf 91' lang='lat' dir='ltr'>comes</span> <span class='ocrx_word' id='word_1_201' title='bbox 1093 2362 1210 2408; x_wconf 87' lang='lat' dir='ltr'>feria</span> <span class='ocrx_word' id='word_1_202' title='bbox 1245 2362 1292 2426; x_wconf 87' lang='lat' dir='ltr'>ij.</span> <span class='ocrx_word' id='word_1_203' title='bbox 1319 2361 1488 2426; x_wconf 89' lang='lat' dir='ltr'>pasche</span> <span class='ocrx_word' id='word_1_204' title='bbox 1518 2361 1657 2426; x_wconf 89' lang='lat' dir='ltr'>[Apr.</span> <span class='ocrx_word' id='word_1_205' title='bbox 1690 2361 1768 2426; x_wconf 83' lang='lat'>12]</span> <span class='ocrx_word' id='word_1_206' title='bbox 1799 2362 1860 2409; x_wconf 88' lang='lat' dir='ltr'>ad</span> <span class='ocrx_word' id='word_1_207' title='bbox 1883 2364 2090 2410; x_wconf 89' lang='lat' dir='ltr'>mensam</span> <span class='ocrx_word' id='word_1_208' title='bbox 2118 2365 2255 2428; x_wconf 86' lang='lat' dir='ltr'>juxta</span> <span class='ocrx_word' id='word_1_209' title='bbox 2295 2383 2458 2432; x_wconf 89' lang='lat' dir='ltr'>regem</span> 
     </span>
     <span class='ocr_line' id='line_1_25' title="bbox 539 2440 2455 2510; baseline 0.003 -20"><span class='ocrx_word' id='word_1_210' title='bbox 539 2450 693 2490; x_wconf 81' lang='lat' dir='ltr'>mutus</span> <span class='ocrx_word' id='word_1_211' title='bbox 717 2457 994 2505; x_wconf 89' lang='lat' dir='ltr'>permanens</span> <span class='ocrx_word' id='word_1_212' title='bbox 1018 2448 1065 2488; x_wconf 92' lang='lat' dir='ltr'>et</span> <span class='ocrx_word' id='word_1_213' title='bbox 1088 2440 1197 2488; x_wconf 92' lang='lat' dir='ltr'>inde</span> <span class='ocrx_word' id='word_1_214' title='bbox 1222 2458 1251 2488; x_wconf 87' lang='lat' dir='ltr'>a</span> <span class='ocrx_word' id='word_1_215' title='bbox 1273 2441 1376 2489; x_wconf 89' lang='lat' dir='ltr'>filiis</span> <span class='ocrx_word' id='word_1_216' title='bbox 1410 2441 1501 2488; x_wconf 90' lang='lat' dir='ltr'>suis</span> <span class='ocrx_word' id='word_1_217' title='bbox 1541 2448 1812 2505; x_wconf 85' lang='lat' dir='ltr'>exportatus</span> <span class='ocrx_word' id='word_1_218' title='bbox 1852 2441 1899 2488; x_wconf 91' lang='lat' dir='ltr'>in</span> <span class='ocrx_word' id='word_1_219' title='bbox 1939 2458 2174 2491; x_wconf 90' lang='lat' dir='ltr'>cameram</span> <span class='ocrx_word' id='word_1_220' title='bbox 2214 2446 2341 2510; x_wconf 88' lang='lat' dir='ltr'>regis</span> <span class='ocrx_word' id='word_1_221' title='bbox 2380 2450 2455 2495; x_wconf 51' lang='lat' dir='ltr'>vm.</span> 
     </span>
     <span class='ocr_line' id='line_1_26' title="bbox 542 2519 2458 2586; baseline 0.004 -19"><span class='ocrx_word' id='word_1_222' title='bbox 542 2520 675 2585; x_wconf 82' lang='lat' dir='ltr'>postm</span> <span class='ocrx_word' id='word_1_223' title='bbox 697 2521 787 2568; x_wconf 89' lang='lat' dir='ltr'>hec</span> <span class='ocrx_word' id='word_1_224' title='bbox 810 2520 928 2567; x_wconf 87' lang='lat' dir='ltr'>feria</span> <span class='ocrx_word' id='word_1_225' title='bbox 951 2520 1047 2568; x_wconf 88' lang='lat' dir='ltr'>vita</span> <span class='ocrx_word' id='word_1_226' title='bbox 1071 2519 1272 2575; x_wconf 87' lang='lat' dir='ltr'>decefiit,</span> <span class='ocrx_word' id='word_1_227' title='bbox 1298 2520 1372 2567; x_wconf 90' lang='lat' dir='ltr'>cui</span> <span class='ocrx_word' id='word_1_228' title='bbox 1397 2520 1602 2568; x_wconf 87' lang='lat' dir='ltr'>succeffit</span> <span class='ocrx_word' id='word_1_229' title='bbox 1629 2519 1868 2568; x_wconf 89' lang='lat' dir='ltr'>Haroldus</span> <span class='ocrx_word' id='word_1_230' title='bbox 1891 2521 2011 2569; x_wconf 91' lang='lat' dir='ltr'>filius</span> <span class='ocrx_word' id='word_1_231' title='bbox 2035 2522 2136 2586; x_wconf 89' lang='lat' dir='ltr'>ejus</span> <span class='ocrx_word' id='word_1_232' title='bbox 2176 2523 2223 2570; x_wconf 89' lang='lat' dir='ltr'>in</span> <span class='ocrx_word' id='word_1_233' title='bbox 2265 2525 2458 2574; x_wconf 88' lang='lat' dir='ltr'>comita-</span> 
     </span>
     <span class='ocr_line' id='line_1_27' title="bbox 540 2598 2274 2664; baseline 0.002 -18"><span class='ocrx_word' id='word_1_234' title='bbox 540 2607 654 2654; x_wconf 90' lang='lat' dir='ltr'>tum,</span> <span class='ocrx_word' id='word_1_235' title='bbox 679 2607 725 2646; x_wconf 89' lang='lat' dir='ltr'>et</span> <span class='ocrx_word' id='word_1_236' title='bbox 752 2599 948 2646; x_wconf 88' lang='lat' dir='ltr'>Haroldi</span> <span class='ocrx_word' id='word_1_237' title='bbox 974 2600 1221 2646; x_wconf 89' lang='lat' dir='ltr'>comitatus</span> <span class='ocrx_word' id='word_1_238' title='bbox 1245 2599 1382 2646; x_wconf 88' lang='lat' dir='ltr'>datus</span> <span class='ocrx_word' id='word_1_239' title='bbox 1407 2599 1474 2646; x_wconf 92' lang='lat' dir='ltr'>est</span> <span class='ocrx_word' id='word_1_240' title='bbox 1500 2599 1702 2664; x_wconf 76' lang='lat' dir='ltr'>Algaron</span> <span class='ocrx_word' id='word_1_241' title='bbox 1729 2598 1933 2647; x_wconf 85' lang='lat' dir='ltr'>Leofrici</span> <span class='ocrx_word' id='word_1_242' title='bbox 1959 2601 2141 2649; x_wconf 88' lang='lat' dir='ltr'>comitis</span> <span class='ocrx_word' id='word_1_243' title='bbox 2164 2601 2274 2650; x_wconf 88' lang='lat' dir='ltr'>filio.</span> 
     </span>
    </p>

    <p class='ocr_par' dir='ltr' id='par_1_10' title="bbox 545 2677 2458 2823">
     <span class='ocr_line' id='line_1_28' title="bbox 611 2677 2458 2744; baseline 0.003 -19"><span class='ocrx_word' id='word_1_244' title='bbox 611 2678 750 2725; x_wconf 92' lang='lat' dir='ltr'>Anno</span> <span class='ocrx_word' id='word_1_245' title='bbox 791 2678 925 2726; x_wconf 88' lang='lat' dir='ltr'>M.liv.</span> <span class='ocrx_word' id='word_1_246' title='bbox 974 2678 1067 2724; x_wconf 88' lang='lat' dir='ltr'>dux</span> <span class='ocrx_word' id='word_1_247' title='bbox 1121 2677 1532 2725; x_wconf 88' lang='lat' dir='ltr'>Northimbrorum</span> <span class='ocrx_word' id='word_1_248' title='bbox 1584 2678 1832 2733; x_wconf 85' lang='lat' dir='ltr'>Siwardus,</span> <span class='ocrx_word' id='word_1_249' title='bbox 1880 2678 2003 2742; x_wconf 83' lang='lat' dir='ltr'>juffu</span> <span class='ocrx_word' id='word_1_250' title='bbox 2050 2680 2174 2744; x_wconf 84' lang='lat' dir='ltr'>regis</span> <span class='ocrx_word' id='word_1_251' title='bbox 2223 2680 2458 2738; x_wconf 91' lang='lat' dir='ltr'>Edwardi,</span> 
     </span>
     <span class='ocr_line' id='line_1_29' title="bbox 545 2757 2458 2823; baseline 0.003 -20"><span class='ocrx_word' id='word_1_252' title='bbox 545 2757 772 2804; x_wconf 84' lang='lat' dir='ltr'>Scottiam</span> <span class='ocrx_word' id='word_1_253' title='bbox 810 2765 938 2803; x_wconf 87' lang='lat' dir='ltr'>cum⁰</span> <span class='ocrx_word' id='word_1_254' title='bbox 982 2757 1128 2803; x_wconf 88' lang='lat' dir='ltr'>multo</span> <span class='ocrx_word' id='word_1_255' title='bbox 1175 2757 1381 2804; x_wconf 89' lang='lat' dir='ltr'>exercitu</span> <span class='ocrx_word' id='word_1_256' title='bbox 1416 2757 1606 2812; x_wconf 88' lang='lat' dir='ltr'>intrans,</span> <span class='ocrx_word' id='word_1_257' title='bbox 1647 2757 1845 2822; x_wconf 90' lang='lat' dir='ltr'>prelium</span> <span class='ocrx_word' id='word_1_258' title='bbox 1885 2774 1993 2805; x_wconf 89' lang='lat' dir='ltr'>cum</span> <span class='ocrx_word' id='word_1_259' title='bbox 2032 2775 2145 2823; x_wconf 88' lang='lat' dir='ltr'>rege</span> <span class='ocrx_word' id='word_1_260' title='bbox 2191 2759 2458 2809; x_wconf 77' lang='lat' dir='ltr'>Scottorum</span> 
     </span>
    </p>
   </div>
   <div class='ocr_carea' id='block_1_3' title="bbox 538 2862 2466 3188">
    <p class='ocr_par' dir='ltr' id='par_1_11' title="bbox 538 2862 2466 3188">
     <span class='ocr_line' id='line_1_30' title="bbox 538 2862 2459 2909; baseline 0.002 -11"><span class='ocrx_word' id='word_1_261' title='bbox 538 2870 574 2898; x_wconf 87' lang='lat' dir='ltr'>at</span> <span class='ocrx_word' id='word_1_262' title='bbox 593 2862 698 2903; x_wconf 86' lang='lat' dir='ltr'>York,</span> <span class='ocrx_word' id='word_1_263' title='bbox 718 2862 821 2897; x_wconf 85' lang='lat' dir='ltr'>when</span> <span class='ocrx_word' id='word_1_264' title='bbox 838 2862 864 2896; x_wconf 90' lang='lat' dir='ltr'>it</span> <span class='ocrx_word' id='word_1_265' title='bbox 882 2874 952 2897; x_wconf 85' lang='lat' dir='ltr'>was</span> <span class='ocrx_word' id='word_1_266' title='bbox 968 2862 1115 2908; x_wconf 88' lang='lat' dir='ltr'>ravaged</span> <span class='ocrx_word' id='word_1_267' title='bbox 1131 2863 1177 2908; x_wconf 93' lang='lat' dir='ltr'>by</span> <span class='ocrx_word' id='word_1_268' title='bbox 1193 2862 1254 2898; x_wconf 89' lang='lat' dir='ltr'>the</span> <span class='ocrx_word' id='word_1_269' title='bbox 1274 2863 1458 2898; x_wconf 79' lang='lat' dir='ltr'>Nonnans.</span> <span class='ocrx_word' id='word_1_270' title='bbox 1512 2863 1658 2909; x_wconf 87' lang='lat' dir='ltr'>Bearing</span> <span class='ocrx_word' id='word_1_271' title='bbox 1681 2864 1716 2898; x_wconf 93' lang='lat' dir='ltr'>in</span> <span class='ocrx_word' id='word_1_272' title='bbox 1733 2864 1828 2899; x_wconf 89' lang='lat' dir='ltr'>mind</span> <span class='ocrx_word' id='word_1_273' title='bbox 1844 2864 1905 2899; x_wconf 85' lang='lat' dir='ltr'>the</span> <span class='ocrx_word' id='word_1_274' title='bbox 1923 2864 2023 2899; x_wconf 89' lang='lat' dir='ltr'>claim</span> <span class='ocrx_word' id='word_1_275' title='bbox 2039 2865 2082 2900; x_wconf 87' lang='lat' dir='ltr'>of</span> <span class='ocrx_word' id='word_1_276' title='bbox 2091 2865 2154 2900; x_wconf 91' lang='lat' dir='ltr'>the</span> <span class='ocrx_word' id='word_1_277' title='bbox 2174 2866 2240 2902; x_wconf 91' lang='lat' dir='ltr'>See</span> <span class='ocrx_word' id='word_1_278' title='bbox 2257 2866 2300 2902; x_wconf 83' lang='lat' dir='ltr'>of</span> <span class='ocrx_word' id='word_1_279' title='bbox 2312 2866 2459 2902; x_wconf 73' lang='lat' dir='ltr'>Yorkto</span> 
     </span>
     <span class='ocr_line' id='line_1_31' title="bbox 538 2918 2460 2968; baseline 0.002 -16"><span class='ocrx_word' id='word_1_280' title='bbox 538 2918 711 2964; x_wconf 83' lang='lat' dir='ltr'>episcopal</span> <span class='ocrx_word' id='word_1_281' title='bbox 721 2918 938 2963; x_wconf 86' lang='lat' dir='ltr'>jurisdiction</span> <span class='ocrx_word' id='word_1_282' title='bbox 955 2919 990 2952; x_wconf 92' lang='lat' dir='ltr'>in</span> <span class='ocrx_word' id='word_1_283' title='bbox 1010 2918 1186 2959; x_wconf 85' lang='lat' dir='ltr'>Scotland,</span> <span class='ocrx_word' id='word_1_284' title='bbox 1207 2919 1276 2953; x_wconf 86' lang='lat' dir='ltr'>this</span> <span class='ocrx_word' id='word_1_285' title='bbox 1293 2926 1480 2954; x_wconf 83' lang='lat' dir='ltr'>statement</span> <span class='ocrx_word' id='word_1_286' title='bbox 1496 2919 1624 2955; x_wconf 89' lang='lat' dir='ltr'>should</span> <span class='ocrx_word' id='word_1_287' title='bbox 1639 2921 1683 2955; x_wconf 91' lang='lat' dir='ltr'>be</span> <span class='ocrx_word' id='word_1_288' title='bbox 1700 2920 1860 2956; x_wconf 87' lang='lat' dir='ltr'>received</span> <span class='ocrx_word' id='word_1_289' title='bbox 1875 2920 1961 2955; x_wconf 85' lang='lat' dir='ltr'>with</span> <span class='ocrx_word' id='word_1_290' title='bbox 1978 2921 2130 2956; x_wconf 82' lang='lat' dir='ltr'>caution.</span> <span class='ocrx_word' id='word_1_291' title='bbox 2274 2922 2291 2941; x_wconf 85' lang='lat'>¹¹</span> <span class='ocrx_word' id='word_1_292' title='bbox 2311 2922 2360 2956; x_wconf 79' lang='lat' dir='ltr'>In</span> <span class='ocrx_word' id='word_1_293' title='bbox 2373 2922 2460 2968; x_wconf 77' lang='lat' dir='ltr'>Sep-</span> 
     </span>
     <span class='ocr_line' id='line_1_32' title="bbox 541 2974 2462 3022; baseline 0.002 -14"><span class='ocrx_word' id='word_1_294' title='bbox 541 2975 681 3013; x_wconf 84' lang='lat' dir='ltr'>tember,</span> <span class='ocrx_word' id='word_1_295' title='bbox 710 2976 746 3008; x_wconf 88' lang='lat' dir='ltr'>S.</span> <span class='ocrx_word' id='word_1_296' title='bbox 763 2975 923 3009; x_wconf 84' lang='lat' dir='ltr'>Dunelm.</span> <span class='ocrx_word' id='word_1_297' title='bbox 938 2974 1004 3009; x_wconf 90' lang='lat' dir='ltr'>col.</span> <span class='ocrx_word' id='word_1_298' title='bbox 1027 2977 1104 3016; x_wconf 83' lang='lat'>184,</span> <span class='ocrx_word' id='word_1_299' title='bbox 1124 2974 1240 3009; x_wconf 86' lang='lat' dir='ltr'>where</span> <span class='ocrx_word' id='word_1_300' title='bbox 1257 2987 1279 3010; x_wconf 87' lang='lat' dir='ltr'>a</span> <span class='ocrx_word' id='word_1_301' title='bbox 1294 2975 1356 3009; x_wconf 91' lang='lat' dir='ltr'>full</span> <span class='ocrx_word' id='word_1_302' title='bbox 1372 2982 1522 3010; x_wconf 82' lang='lat' dir='ltr'>account</span> <span class='ocrx_word' id='word_1_303' title='bbox 1546 2975 1588 3011; x_wconf 87' lang='lat' dir='ltr'>of</span> <span class='ocrx_word' id='word_1_304' title='bbox 1605 2975 1675 3011; x_wconf 84' lang='lat' dir='ltr'>this</span> <span class='ocrx_word' id='word_1_305' title='bbox 1692 2977 1912 3011; x_wconf 85' lang='lat' dir='ltr'>disturbance</span> <span class='ocrx_word' id='word_1_306' title='bbox 1928 2988 2008 3022; x_wconf 85' lang='lat' dir='ltr'>may</span> <span class='ocrx_word' id='word_1_307' title='bbox 2023 2978 2068 3011; x_wconf 91' lang='lat' dir='ltr'>be</span> <span class='ocrx_word' id='word_1_308' title='bbox 2084 2988 2180 3011; x_wconf 84' lang='lat' dir='ltr'>seen.</span> <span class='ocrx_word' id='word_1_309' title='bbox 2323 2976 2333 2996; x_wconf 79' lang='lat'>¹</span> <span class='ocrx_word' id='word_1_310' title='bbox 2350 2975 2462 3022; x_wconf 53' lang='lat' dir='ltr'>Upon&gt;</span> 
     </span>
     <span class='ocr_line' id='line_1_33' title="bbox 542 3029 2465 3072; baseline 0.003 -10"><span class='ocrx_word' id='word_1_311' title='bbox 542 3029 603 3063; x_wconf 84' lang='lat' dir='ltr'>the</span> <span class='ocrx_word' id='word_1_312' title='bbox 619 3029 681 3063; x_wconf 84' lang='lat' dir='ltr'>6th</span> <span class='ocrx_word' id='word_1_313' title='bbox 698 3029 739 3063; x_wconf 86' lang='lat' dir='ltr'>of</span> <span class='ocrx_word' id='word_1_314' title='bbox 753 3030 885 3070; x_wconf 87' lang='lat' dir='ltr'>March,</span> <span class='ocrx_word' id='word_1_315' title='bbox 907 3031 942 3064; x_wconf 82' lang='lat' dir='ltr'>S.</span> <span class='ocrx_word' id='word_1_316' title='bbox 962 3031 1120 3071; x_wconf 79' lang='lat' dir='ltr'>Dunelm,</span> <span class='ocrx_word' id='word_1_317' title='bbox 1141 3031 1207 3066; x_wconf 91' lang='lat' dir='ltr'>col.</span> <span class='ocrx_word' id='word_1_318' title='bbox 1230 3033 1307 3066; x_wconf 87' lang='lat'>185.</span> <span class='ocrx_word' id='word_1_319' title='bbox 1354 3031 1424 3066; x_wconf 89' lang='lat' dir='ltr'>She</span> <span class='ocrx_word' id='word_1_320' title='bbox 1442 3031 1512 3067; x_wconf 77' lang='lat' dir='ltr'>had</span> <span class='ocrx_word' id='word_1_321' title='bbox 1527 3033 1618 3067; x_wconf 92' lang='lat' dir='ltr'>been</span> <span class='ocrx_word' id='word_1_322' title='bbox 1634 3032 1695 3067; x_wconf 83' lang='lat' dir='ltr'>the</span> <span class='ocrx_word' id='word_1_323' title='bbox 1712 3032 1791 3067; x_wconf 82' lang='lat' dir='ltr'>wife</span> <span class='ocrx_word' id='word_1_324' title='bbox 1808 3032 1850 3067; x_wconf 86' lang='lat' dir='ltr'>of</span> <span class='ocrx_word' id='word_1_325' title='bbox 1862 3031 2031 3067; x_wconf 82' lang='lat' dir='ltr'>Ethelred</span> <span class='ocrx_word' id='word_1_326' title='bbox 2049 3031 2112 3072; x_wconf 83' lang='lat' dir='ltr'>II..</span> <span class='ocrx_word' id='word_1_327' title='bbox 2124 3031 2194 3066; x_wconf 80' lang='lat' dir='ltr'>and</span> <span class='ocrx_word' id='word_1_328' title='bbox 2205 3029 2405 3067; x_wconf 66' lang='lat' dir='ltr'>asterwards</span> <span class='ocrx_word' id='word_1_329' title='bbox 2422 3031 2465 3067; x_wconf 83' lang='lat' dir='ltr'>of</span> 
     </span>
     <span class='ocr_line' id='line_1_34' title="bbox 544 3083 2466 3133; baseline 0.003 -17"><span class='ocrx_word' id='word_1_330' title='bbox 544 3083 657 3122; x_wconf 87' lang='lat' dir='ltr'>Cnut;</span> <span class='ocrx_word' id='word_1_331' title='bbox 679 3085 729 3129; x_wconf 85' lang='lat' dir='ltr'>Cf.</span> <span class='ocrx_word' id='word_1_332' title='bbox 758 3084 881 3119; x_wconf 74' lang='lat' dir='ltr'>Ailred.</span> <span class='ocrx_word' id='word_1_333' title='bbox 903 3087 998 3120; x_wconf 74' lang='lat' dir='ltr'>Riev.</span> <span class='ocrx_word' id='word_1_334' title='bbox 1018 3086 1084 3121; x_wconf 89' lang='lat' dir='ltr'>col.</span> <span class='ocrx_word' id='word_1_335' title='bbox 1099 3089 1190 3126; x_wconf 80' lang='lat'><strong>362;</strong></span> <span class='ocrx_word' id='word_1_336' title='bbox 1221 3088 1301 3122; x_wconf 71' lang='lat' dir='ltr'>Saae.</span> <span class='ocrx_word' id='word_1_337' title='bbox 1329 3088 1448 3122; x_wconf 71' lang='lat' dir='ltr'>Chron.</span> <span class='ocrx_word' id='word_1_338' title='bbox 1463 3099 1498 3133; x_wconf 91' lang='lat' dir='ltr'>p.</span> <span class='ocrx_word' id='word_1_339' title='bbox 1520 3090 1599 3122; x_wconf 90' lang='lat'>151.</span> <span class='ocrx_word' id='word_1_340' title='bbox 1744 3088 1759 3109; x_wconf 84' lang='lat'>¹¹</span> <span class='ocrx_word' id='word_1_341' title='bbox 1781 3088 1848 3123; x_wconf 85' lang='lat' dir='ltr'>See</span> <span class='ocrx_word' id='word_1_342' title='bbox 1868 3089 2030 3127; x_wconf 61' lang='lat' dir='ltr'>Gervaae,</span> <span class='ocrx_word' id='word_1_343' title='bbox 2054 3086 2121 3122; x_wconf 83' lang='lat' dir='ltr'>col.</span> <span class='ocrx_word' id='word_1_344' title='bbox 2138 3087 2240 3121; x_wconf 78' lang='lat'>1651.</span> <span class='ocrx_word' id='word_1_345' title='bbox 2382 3086 2394 3108; x_wconf 87' lang='lat'>¹</span> <span class='ocrx_word' id='word_1_346' title='bbox 2412 3086 2466 3122; x_wconf 84' lang='lat' dir='ltr'>Of</span> 
     </span>
     <span class='ocr_line' id='line_1_35' title="bbox 545 3137 2457 3188; baseline 0.003 -16"><span class='ocrx_word' id='word_1_347' title='bbox 545 3137 658 3172; x_wconf 79' lang='lat' dir='ltr'>South</span> <span class='ocrx_word' id='word_1_348' title='bbox 678 3137 807 3178; x_wconf 63' lang='lat' dir='ltr'>wasseri,</span> <span class='ocrx_word' id='word_1_349' title='bbox 830 3141 864 3173; x_wconf 85' lang='lat' dir='ltr'>S.</span> <span class='ocrx_word' id='word_1_350' title='bbox 884 3141 1043 3182; x_wconf 82' lang='lat' dir='ltr'>Dunelm,</span> <span class='ocrx_word' id='word_1_351' title='bbox 1063 3141 1129 3176; x_wconf 86' lang='lat' dir='ltr'>col.</span> <span class='ocrx_word' id='word_1_352' title='bbox 1152 3142 1230 3179; x_wconf 83' lang='lat'>187.</span> <span class='ocrx_word' id='word_1_353' title='bbox 1375 3141 1402 3156; x_wconf 84' lang='lat'>¹¹¹</span> <span class='ocrx_word' id='word_1_354' title='bbox 1423 3142 1620 3188; x_wconf 83' lang='lat' dir='ltr'>According</span> <span class='ocrx_word' id='word_1_355' title='bbox 1635 3149 1674 3178; x_wconf 86' lang='lat' dir='ltr'>to</span> <span class='ocrx_word' id='word_1_356' title='bbox 1698 3143 1760 3178; x_wconf 91' lang='lat' dir='ltr'>the</span> <span class='ocrx_word' id='word_1_357' title='bbox 1778 3145 1859 3179; x_wconf 72' lang='lat' dir='ltr'>Saae.</span> <span class='ocrx_word' id='word_1_358' title='bbox 1871 3143 1990 3178; x_wconf 69' lang='lat' dir='ltr'>ebron.</span> <span class='ocrx_word' id='word_1_359' title='bbox 2009 3141 2055 3176; x_wconf 91' lang='lat' dir='ltr'>he</span> <span class='ocrx_word' id='word_1_360' title='bbox 2072 3140 2160 3176; x_wconf 84' lang='lat' dir='ltr'>died.</span> <span class='ocrx_word' id='word_1_361' title='bbox 2170 3152 2268 3186; x_wconf 86' lang='lat' dir='ltr'>upon</span> <span class='ocrx_word' id='word_1_362' title='bbox 2282 3140 2345 3176; x_wconf 85' lang='lat' dir='ltr'>the</span> <span class='ocrx_word' id='word_1_363' title='bbox 2373 3142 2457 3177; x_wconf 86' lang='lat' dir='ltr'>15th</span> 
     </span>
    </p>
   </div>
   <div class='ocr_carea' id='block_1_4' title="bbox 543 3191 2464 3290">
    <p class='ocr_par' dir='ltr' id='par_1_12' title="bbox 543 3191 2464 3290">
     <span class='ocr_line' id='line_1_36' title="bbox 543 3191 2464 3244; baseline 0.003 -18"><span class='ocrx_word' id='word_1_364' title='bbox 543 3191 585 3226; x_wconf 83' lang='lat' dir='ltr'>of</span> <span class='ocrx_word' id='word_1_365' title='bbox 606 3192 689 3237; x_wconf 81' lang='lat' dir='ltr'>May</span> <span class='ocrx_word' id='word_1_366' title='bbox 708 3195 807 3233; x_wconf 85' lang='lat'>1053,</span> <span class='ocrx_word' id='word_1_367' title='bbox 835 3198 967 3239; x_wconf 58' lang='lat'>12:168.</span> <span class='ocrx_word' id='word_1_368' title='bbox 1111 3196 1129 3211; x_wconf 84' lang='lat'>¹¹</span> <span class='ocrx_word' id='word_1_369' title='bbox 1148 3197 1274 3243; x_wconf 80' lang='lat' dir='ltr'>AElgar.</span> <span class='ocrx_word' id='word_1_370' title='bbox 1302 3199 1513 3234; x_wconf 67' lang='lat' dir='ltr'>Sax.Claron.</span> <span class='ocrx_word' id='word_1_371' title='bbox 1539 3210 1575 3244; x_wconf 83' lang='lat' dir='ltr'>p.</span> <span class='ocrx_word' id='word_1_372' title='bbox 1597 3200 1676 3234; x_wconf 88' lang='grc'><strong>169.</strong></span> <span class='ocrx_word' id='word_1_373' title='bbox 1820 3197 1836 3214; x_wconf 84' lang='lat'><strong>⁰</strong></span> <span class='ocrx_word' id='word_1_374' title='bbox 1857 3202 1881 3218; x_wconf 83' lang='lat'>‘⁶</span> <span class='ocrx_word' id='word_1_375' title='bbox 1897 3197 1945 3234; x_wconf 87' lang='lat' dir='ltr'>Et</span> <span class='ocrx_word' id='word_1_376' title='bbox 1967 3196 2120 3243; x_wconf 64' lang='lat' dir='ltr'>equestri</span> <span class='ocrx_word' id='word_1_377' title='bbox 2136 3196 2290 3233; x_wconf 81' lang='lat' dir='ltr'>exercitu</span> <span class='ocrx_word' id='word_1_378' title='bbox 2304 3197 2464 3233; x_wconf 79' lang='lat' dir='ltr'>etclasse</span> 
     </span>
     <span class='ocr_line' id='line_1_37' title="bbox 544 3247 1143 3290; baseline 0.008 -9"><span class='ocrx_word' id='word_1_379' title='bbox 544 3247 688 3282; x_wconf 58' lang='lat' dir='ltr'>validas·</span> <span class='ocrx_word' id='word_1_380' title='bbox 737 3249 773 3282; x_wconf 87' lang='lat' dir='ltr'>S.</span> <span class='ocrx_word' id='word_1_381' title='bbox 791 3249 950 3290; x_wconf 76' lang='lat' dir='ltr'>Dunelm,</span> <span class='ocrx_word' id='word_1_382' title='bbox 977 3251 1043 3285; x_wconf 88' lang='lat' dir='ltr'>col.</span> <span class='ocrx_word' id='word_1_383' title='bbox 1066 3252 1143 3289; x_wconf 80' lang='lat'>187.</span> 
     </span>
    </p>
   </div>
   <div class='ocr_carea' id='block_1_5' title="bbox 2777 1982 2852 3874">
    <p class='ocr_par' dir='ltr' id='par_1_13' title="bbox 2777 1982 2852 3874">
     <span class='ocr_line' id='line_1_38' title="bbox 2777 1982 2852 3874; baseline 0 0"><span class='ocrx_word' id='word_1_384' title='bbox 2777 1982 2852 3874; x_wconf 95' lang='lat' dir='ltr'> </span> 
     </span>
    </p>
   </div>
  </div>
 </body>
</html>
