2852 3874
381 441 517 492 A.D.·
558 444 698 492 1012.
840 441 1266 492 CHRONICA
1310 442 1412 492 DE
1457 442 1845 494 MAILROS.
2245 453 2310 499 43

377 577 518 626 donie
542 577 766 634 delatum,
792 576 859 626 ab.
877 578 1123 644 episcopus
1136 577 1356 627 'Elnotho
1378 577 1693 627 Lincolnienfi
1715 586 1763 628 et
1790 578 1971 628 Alfuno
1992 579 2310 632 Lundonienfi

378 665 425 705 et
449 674 478 705 a
502 655 682 706 civibus
705 658 752 706 in
777 656 973 706 ecclefia
994 658 1160 706 sanfflw.
1186 658 1322 706 Pauli
1345 657 1599 707 honorifice
1623 658 1857 724 sepelitur.

446 731 589 780 Anno
619 732 799 797 M.xiij.'‘
828 732 1019 781 sanctus
1044 731 1326 781 Edmundus
1355 732 1570 782 Suanum
1601 739 1850 798 tyrannum
1881 741 1930 783 et
1953 733 2232 785 blaffem'um
2262 736 2309 786 in

376 810 551 876 placito
579 811 708 877 apud
734 811 1027 860 Gainesburc
1056 811 1208 876 ipsum
1229 811 1467 860 videntem
1498 819 1547 861 et
1578 812 1925 862 exclamantem
1956 822 2164 864 armatus
2187 816 2309 866 occi-

377 890 473 946 dit;
509 907 604 955 quo
627 897 813 938 mortuo
835 890 984 937 filium
1008 889 1117 953 ejus
1140 889 1356 937 Cnutum
1380 889 1528 938 claffis
1561 890 1809 940 Danorum
1840 892 2092 950 constituit,
2124 911 2182 943 ac
2211 911 2309 944 ma-

370 970 499 1033 jores
521 977 638 1017 natu
663 968 839 1033 Anglie
865 967 1117 1015 Elredum²
1140 984 1303 1032 regem
1326 967 1386 1015 de
1412 967 1710 1016 Normannia
1732 979 2083 1020 revocaverunt.

444 1047 587 1096 Anno
611 1047 784 1111 axiiij.
812 1045 1059 1111 Leuingus
1085 1045 1494 1095 Dorobernensem
1519 1046 1969 1112 archiepiscopatum
1992 1050 2203 1116 suscepit.

446 1127 635 1175 Suanus
658 1142 740 1174 rex
765 1125 1013 1173 Danorum
1037 1142 1145 1173 cum
1162 1125 1319 1173 valida
1343 1125 1480 1174 claffe
1501 1124 1728 1191 Angliam
1746 1126 1988 1183 devectus,
2014 1127 2189 1193 ubique
2213 1131 2310 1180 fere

375 1221 458 1270 per
485 1204 715 1271 Anglium
738 1204 1015 1253 feribundus
1039 1204 1322 1260 debaccans‚
1347 1204 1584 1254 obsidibus
1609 1206 1815 1271 acceptis
1838 1205 1921 1254 fibi
1945 1206 2074 1254 illam
2099 1208 2310 1274 subegit;

375 1284 505 1349 quod
528 1284 691 1333 videns
714 1302 796 1333 rex
816 1283 1036 1333 Eilredus
1055 1301 1162 1332 curn
1180 1301 1324 1333 uxore
1350 1292 1397 1333 et
1414 1285 1518 1334 filiis
1537 1285 1584 1333 in
1603 1284 1656 1333 N
1657 1286 1948 1334 ormanniam
1974 1286 2035 1334 ad
2057 1286 2311 1337 Ricardum

374 1364 546 1413 ducem
569 1365 811 1430 profectus
835 1364 916 1412 est.

444 1444 585 1492 Anno
617 1461 749 1492 M.xv.
787 1461 868 1492 rex
906 1443 1124 1492 Eilredus
1162 1452 1378 1509 egrotare
1417 1444 1571 1509 cepit;
1609 1444 1890 1493 Edmundus
1930 1445 2154 1494 Ferreum
2189 1446 2310 1494 latus

374 1523 494 1571 filius
519 1524 620 1588 ejus
644 1524 777 1588 regni
802 1540 962 1571 curam
986 1523 1167 1570 habuit.

444 1603 602 1650 Cnuto
638 1619 748 1651 vero
786 1619 868 1667 per
904 1602 1053 1650 multa
1089 1602 1195 1649 loca
1230 1602 1412 1666 praedas
1448 1603 1625 1667 agenti,
1660 1603 1795 1651 multi
1833 1603 2015 1653 obfides
2051 1603 2308 1659 dederunt;

375 1682 450 1730 cui
476 1691 523 1730 et
549 1682 749 1731 Edricus
773 1681 977 1747 perfidus
1001 1682 1047 1729 se
1071 1681 1314 1729 submifit.b

443 1761 585 1809 Anno
626 1762 777 1826 M.xvj.
826 1778 907 1808 rex
950 1760 1184 1815 Eilredus,
1233 1761 1452 1825 episcopi,
1501 1760 1699 1809 abbates
1746 1769 1792 1808 et
1838 1761 2089 1810 nobiliores
2132 1762 2308 1827 Anglie

378 1841 589 1888 Cnutum
611 1839 695 1888 fibi
726 1840 773 1887 in
805 1856 968 1904 regem
992 1839 1183 1904 eligere.
1257 1839 1399 1887 Cives
1423 1855 1532 1887 vero
1561 1839 1917 1887 Lundonienses
1941 1848 1988 1888 et
2018 1857 2126 1904 pars
2151 1841 2309 1905 aliqua

374 1919 602 1967 nobilium
627 1918 937 1966 Edmundum
971 1918 1195 1966 Ferreum
1218 1918 1342 1965 latus
1374 1918 1420 1964 in
1444 1935 1607 1982 regem
1631 1918 1862 1966 levavere.
1936 1919 2031 1974 Qui
2063 1919 2311 1983 postquam

372 1998 540 2049 secties
578 2015 686 2046 cum
715 1998 873 2046 Cnuto
911 1996 1180 2062 congressus
1217 1998 1386 2052 fuerat,
1423 1996 1503 2044 ubi
1541 1998 1720 2061 semper
1757 1997 1857 2045 fere
1888 1997 2039 2045 victor
2074 1999 2307 2053 extiterat,

374 2095 492 2143 pace
516 2078 649 2126 fa&a
673 2078 791 2125 inter
816 2077 965 2142 ipsum
989 2084 1036 2125 et
1059 2076 1285 2131 Cnutum,
1312 2083 1359 2124 et
1386 2074 1614 2140 Angliam
1639 2076 1758 2123 inter
1783 2093 1865 2124 eos
1889 2075 2046 2124 divisa.
2121 2076 2187 2124 At
2211 2078 2310 2141 qui-

373 2157 484 2205 dam
507 2157 715 2222 proditor
739 2156 822 2204 sub
848 2156 1121 2221 purgatoria
1146 2155 1287 2203 domo
1314 2154 1622 2203 Edmundum
1647 2155 1707 2202 ad
1732 2155 1951 2219 requifita
1974 2163 2140 2203 nature
2164 2156 2309 2203 nuda-

373 2245 473 2285 tum
497 2236 617 2285 inter
640 2235 841 2284 celanda
864 2235 1095 2300 percufflt,
1121 2242 1168 2283 et
1192 2243 1404 2283 mortuus
1429 2234 1532 2282 est..c

442 2316 584 2364 Anno
607 2316 776 2380 M.xvij.
802 2333 883 2363 rex
906 2314 1091 2364 Cnutus
1115 2314 1236 2363 filius
1261 2314 1424 2369 Suani,
1445 2314 1589 2362 totius
1611 2314 1787 2379 Anglie
1810 2314 2009 2378 suscepit
2034 2314 2308 2378 imperium;

375 2394 536 2459 postea
559 2395 712 2443 occiso
733 2394 930 2442 Edwino
951 2394 1122 2442 clitone
1147 2410 1375 2459 germano
1399 2393 1524 2458 regis
1541 2392 1797 2448 Edmundi,
1816 2393 1935 2441 filios
1954 2393 2161 2457 ejusdem
2185 2393 2309 2458 regis

376 2473 681 2521 Edmundum
705 2481 752 2521 et
774 2473 1082 2520 AEdwardum
1112 2473 1174 2520 ad
1205 2489 1367 2537 regem
1397 2472 1671 2520 Swauorum
1695 2472 1979 2520 occidendos
2003 2471 2138 2519 mifit.
2211 2471 2306 2527 Qui

374 2552 538 2600 nolens
562 2569 733 2616 pueros
761 2553 1036 2600 innocentes
1064 2551 1309 2616 perimere,
1335 2568 1416 2599 eos
1441 2551 1501 2598 ad
1530 2567 1692 2616 regem
1720 2550 1931 2616 Ungarie
1962 2551 2309 2599 Salomonem⁰⁰

373 2630 646 2679 nutriendos
685 2630 819 2678 mifit.
904 2630 1185 2678 Edmundus
1225 2630 1436 2695 procefl'u
1474 2630 1697 2694 temporis
1738 2629 1914 2677 ibidem
1951 2629 2096 2677 vitam
2133 2629 2306 2687 finivit;

422 2775 437 2790 ¹
460 2776 563 2810 From
579 2775 640 2809 the
665 2774 787 2809 united
811 2774 1000 2820 testimony
1015 2773 1058 2808 of
1075 2773 1137 2808 the
1158 2773 1361 2809 Chronicles
1379 2785 1416 2808 as
1434 2780 1471 2808 to
1489 2773 1550 2808 the
1577 2773 1678 2808 order
1702 2773 1738 2807 in
1755 2772 1872 2807 which
1888 2772 1949 2807 the
1967 2778 2089 2806 events
2106 2771 2256 2806 detailed
2271 2772 2306 2806 in

374 2831 443 2866 this
460 2831 530 2866 and
546 2830 607 2865 the
623 2830 799 2875 following
826 2841 908 2876 year
925 2829 1122 2875 happened,
1149 2829 1177 2863 it
1202 2829 1231 2863 is
1256 2829 1403 2863 obvious
1426 2828 1503 2862 that
1529 2828 1614 2873 they
1630 2839 1689 2862 are
1714 2827 1797 2862 here
1821 2827 2038 2872 transposed.
2183 2826 2198 2845 ’
2218 2826 2306 2861 Feb-

374 2898 475 2932 ruary
486 2886 547 2921 the
566 2886 622 2926 3d,
646 2887 748 2920 1014.
792 2886 828 2919 S.
843 2885 1004 2919 Dunelm.
1020 2883 1086 2918 col.
1105 2884 1183 2921 170.
1228 2885 1309 2918 Saae.
1337 2884 1454 2918 Chron.
1467 2895 1503 2928 p.
1523 2885 1600 2917 134.
1701 2882 1713 2896 ¹
1728 2882 1927 2934 AEthelred;
1947 2883 2027 2916 Sax.
2040 2882 2157 2916 Chron.
2172 2893 2207 2927 p.
2227 2884 2303 2916 145.

374 2943 455 2986 (15)
469 2941 484 2955 “
499 2941 624 2976 Before
640 2941 702 2976 the
719 2940 844 2975 month
861 2939 902 2974 of
916 2940 1064 2984 August.
1086 2940 1167 2974 Sax.
1179 2939 1298 2973 Chron.
1443 2937 1459 2957 ¹³
1482 2937 1561 2972 The
1577 2944 1700 2972 events
1718 2937 1760 2972 of
1781 2937 1850 2972 this
1867 2937 1937 2972 and
1953 2937 2014 2971 the
2036 2936 2211 2982 following
2225 2948 2308 2983 year

374 3009 433 3032 are
450 2997 601 3032 detailed
617 2996 702 3031 with
719 2995 825 3031 much
850 2995 1063 3029 minuteness
1080 2995 1127 3040 by
1144 2995 1287 3034 Simeon,
1316 2992 1394 3027 coll.
1418 2992 1495 3034 171,
1520 2994 1597 3030 172.
1743 2991 1756 3007 ε
1780 2992 1886 3038 Upon
1903 2991 1965 3026 the
1991 2992 2078 3026 3oth
2095 2991 2137 3026 of
2150 2992 2305 3026 Novem-

374 3053 446 3088 ber.
466 3053 678 3087 Sachron.
732 3051 819 3086 This
837 3057 932 3096 story
948 3050 976 3084 is
1005 3056 1068 3084 not
1095 3049 1131 3083 in
1155 3049 1217 3083 the
1235 3048 1410 3083 chronicle
1427 3047 1470 3083 of
1493 3049 1636 3088 Simeon,
1669 3059 1708 3082 or
1724 3047 1759 3082 in
1788 3047 1850 3082 the
1868 3049 1948 3082 Sas.
1961 3048 2080 3082 Chron.
2093 3062 2106 3086 ;
2133 3047 2302 3086 Bromton,

375 3108 432 3143 col
470 3110 550 3148 906,
587 3107 657 3143 and
688 3106 775 3142 after
798 3106 870 3140 him
897 3106 1085 3152 Knygldw,
1106 3103 1173 3139 col.
1209 3106 1312 3144 2316,
1341 3103 1431 3138 have
1459 3103 1559 3138 three
1588 3102 1708 3138 modes
1732 3101 1774 3137 of
1794 3102 2001 3148 accounting
2025 3101 2079 3136 for
2104 3100 2157 3136 his
2186 3101 2303 3137 death.

376 3163 408 3178 ω
431 3163 677 3209 Stephanum?
706 3164 771 3198 See
792 3162 911 3202 L’Art‚
931 3161 987 3196 vii.
1014 3162 1095 3195 402.
1113 3162 1195 3194 8vo.
