2852 3874
0 509 19 603 o-‘Wffi
0 155 23 503 ssffl'ffxS-'Wv’q
0 0 21 148 W

0 701 22 862 ww·
0 747 23 783 ,Ψ
0 606 22 715 ’.κει-ι

162 2128 221 2164 fol.
242 2131 298 2165 25.

399 473 531 524 A.D.
573 478 714 529 1192.
868 472 1294 524 CHRONICA
1331 473 1432 523 DE
1471 473 1853 523 MAILROS.
2246 480 2332 524 101

394 622 495 663 tum
528 615 729 671 suorum,
759 631 918 664 coram
950 614 1170 681 episcopo
1194 613 1410 664 Jocelino
1438 622 1487 663 et
1515 614 1618 664 aliis
1645 614 1806 663 multis
1836 613 2048 671 testibus,
2085 614 2202 663 ficut
2233 616 2335 680 ejus

395 701 526 742 carta
549 693 780 743 testatur.¹'

462 772 667 823 Ricardo
704 774 806 841 regi
846 773 1039 840 Anglie,
1079 790 1189 822 cum
1231 780 1539 822 reverteretur
1577 773 1637 822 de
1674 780 1799 822 terra
1835 772 2141 839 promiffionis
2176 776 2335 823 mense

394 851 681 903 Novembris
709 853 814 920 post
843 869 1007 919 regem
1038 852 1255 909 Francie,
1285 853 1420 901 multi
1453 853 1631 901 curiose
1663 851 2000 901 insidiabantur
2029 869 2113 919 per
2135 853 2243 903 loca
2266 854 2335 902 di-

392 932 523 981 versa
546 939 598 981 ut
616 940 863 998 caperetur
886 939 935 981 et
957 931 1247 981 traderetur:
1283 931 1477 980 tandem
1500 938 1620 980 nutu
1644 931 1801 980 divino
1827 932 1887 980 ab
1910 932 2178 982 hominibus
2205 932 2334 982 Lim-

391 1010 613 1075 poldicis⁸
639 1010 827 1060 Austrie
851 1011 1050 1076 capitur,
1069 1017 1118 1059 et
1140 1010 1313 1058 invitus
1331 1026 1426 1075 quo
1449 1010 1597 1058 nollet
1622 1009 1822 1066 ducitur,
1848 1018 1895 1059 et
1918 1011 1966 1059 in
1990 1011 2202 1060 custodia
2225 1028 2334 1061 cum

391 1105 572 1138 merore
603 1090 808 1155 ponitur,
841 1096 890 1138 et
925 1088 1089 1154 postea
1129 1088 1320 1137 domino
1359 1087 1570 1136 Henrico
1607 1088 1878 1154 imperatori
1911 1089 2194 1139 Alemannie
2228 1092 2332 1140 mit-

390 1168 523 1224 titur;
559 1169 727 1233 etipse
751 1168 798 1216 in
822 1169 905 1217 sua
939 1168 1172 1233 potestate
1207 1184 1291 1233 per
1326 1184 1501 1216 annum
1533 1175 1581 1216 et
1611 1184 1669 1216 eo
1705 1168 1905 1234 amplius
1936 1185 2046 1217 eum
2069 1180 2333 1221 reverenter

389 1247 587 1296 servavit
610 1247 764 1296 donec
787 1246 971 1296 obfides
1002 1254 1051 1296 et
1082 1246 1423 1296 redemtionem
1450 1246 1685 1295 redderet.
1760 1247 1805 1296 Ο
1830 1248 1983 1313 qualis
2007 1255 2055 1296 et
2078 1266 2223 1314 quam
2250 1252 2333 1299 rni-

389 1325 598 1376 serabilis
621 1327 738 1376 false
766 1327 1010 1393 dignitatis
1039 1327 1288 1393 improvisa
1311 1326 1559 1392 subitaque
1589 1327 1883 1376 immutatio!
1958 1327 2003 1376 O
2027 1328 2262 1378 variabilis
2287 1338 2334 1378 et

389 1405 617 1456 instabilis
639 1406 910 1456 labencium
932 1423 1087 1456 rerum
1111 1414 1159 1455 et
1183 1406 1469 1472 dignitatum
1497 1406 1681 1454 infirma
1705 1406 1963 1472 debilisque
1995 1408 2229 1472 protectio
2260 1411 2333 1458 vel

390 1485 614 1535 dilectio!
690 1487 735 1535 Ο
758 1486 1074 1536 lamentabilis
1099 1494 1147 1535 et
1175 1485 1343 1535 flebilis
1367 1486 1587 1535 secularis
1615 1485 1859 1552 potestatis
1883 1494 1931 1534 et
1954 1488 2141 1553 proprie
2172 1489 2332 1537 volun-

388 1565 500 1614 tatis
524 1582 640 1614 ceca
664 1573 711 1615 et
734 1565 847 1615 feda
871 1565 1066 1614 ambitio
1089 1566 1164 1614 vel
1189 1565 1354 1614 elatio!
1426 1565 1572 1614 Nunc
1595 1582 1677 1614 rex
1699 1582 1826 1614 nunc
1849 1567 2078 1631 captivus,
2102 1584 2228 1616 nunc
2251 1585 2332 1634 po-

389 1651 494 1693 tens
521 1661 648 1694 nunc
682 1645 905 1701 infirmus,
941 1662 1067 1693 nunc
1091 1645 1221 1693 dives
1248 1662 1375 1693 nunc
1411 1662 1607 1710 pauper,
1645 1661 1771 1693 nunc
1801 1645 1919 1694 liber
1950 1662 2075 1694 nunc
2109 1647 2330 1697 famulus.

391 1722 655 1772 Erudimini
675 1725 755 1790 qui
773 1724 998 1790 judicatis
1022 1732 1209 1780 terram,
1225 1724 1381 1773 venite
1401 1731 1448 1772 et
1467 1723 1755 1773 considerate
1775 1741 1919 1790 opera
1939 1725 2155 1782 Domini,
2170 1743 2333 1793 regem

389 1803 623 1859 miserum,
647 1803 899 1870 superbum
922 1804 1236 1860 humiliatum,
1261 1803 1453 1851 divitem
1476 1821 1750 1869 pauperem.
1823 1803 1919 1852 Ubi
1943 1805 2011 1853 est
2041 1805 2258 1871 gloriatio
2284 1815 2331 1855 et

391 1882 615 1931 exaltatio
640 1890 724 1931 tua
746 1900 869 1931 vana
888 1890 935 1931 et
959 1882 1111 1931 inanis
1133 1883 1342 1930 humana
1357 1883 1530 1931 elatio?
1558 1899 1671 1931 ecce
1690 1890 1741 1931 ut
1758 1884 1916 1932 sumus
1935 1885 2142 1933 ascendit
2161 1894 2208 1934 et
2221 1902 2331 1934 mox

391 1962 597 2017 evanuit,
623 1969 670 2010 et
695 1961 825 2027 quafi
848 1962 933 2010 flos
956 1962 1055 2010 feni
1079 1962 1309 2010 emarcuit
1332 1969 1380 2010 et
1405 1961 1597 2011 defecit.

460 2040 602 2089 Anno
618 2042 865 2106 M.c.xciiij.
885 2040 1118 2090 Ricardus
1140 2057 1223 2089 rex
1244 2041 1436 2107 Anglie,
1455 2042 1538 2106 iij.t
1561 2042 1665 2090 idus
1686 2042 1847 2090 Martii
1872 2042 2019 2108 [Mar.
2042 2043 2121 2108 13]
2151 2045 2227 2093 die
2251 2045 2331 2092 do-

391 2119 565 2169 minica
590 2121 651 2169 ad
668 2122 910 2186 vesperam
929 2121 1057 2186 apud
1080 2120 1297 2169 Sandwic
1315 2137 1423 2169 cum
1446 2137 1623 2186 magna
1645 2121 1796 2169 letitia
1814 2121 1873 2170 de
1893 2123 2166 2187 captivitate
2185 2131 2232 2171 et
2250 2141 2329 2189 pe-

392 2200 725 2266 regrinatione,
747 2200 855 2250 Deo
875 2200 1053 2267 gratias
1072 2207 1285 2266 agente,¹¹
1306 2200 1434 2249 venit
1452 2200 1499 2248 in
1518 2199 1773 2265 Angliam;
1806 2208 1853 2250 et
1876 2201 1923 2249 in
1948 2202 2143 2251 octavas
2162 2203 2332 2268 pasche

395 2278 537 2345 [Apr.
563 2279 643 2345 17]
674 2280 801 2346 apud
823 2280 1120 2329 Wintoniam
1145 2297 1174 2328 a
1194 2279 1413 2329 Huberto
1433 2280 1782 2346 archiepiscopo
1805 2280 2063 2330 Cantuarie
2082 2291 2332 2331 coronatus

392 2359 474 2415 est,
490 2359 664 2408 scilicet
679 2377 752 2409 xv.
772 2360 1002 2409 kalendas
1019 2360 1137 2425 Maij
1161 2359 1302 2425 [Maij
1327 2359 1427 2425 12].
1466 2359 1656 2409 Deinde
1671 2360 1718 2408 in
1733 2360 2035 2409 hebdomada
2050 2369 2160 2410 ante
2175 2363 2331 2411 ascen-

391 2437 568 2486 fionem
594 2438 788 2487 Domini
817 2439 959 2504 [Maij
992 2439 1072 2505 19]
1110 2456 1218 2488 cum
1250 2447 1536 2488 armatorum
1566 2439 1865 2489 multitudine
1900 2440 1947 2488 in
1985 2440 2330 2490 Normanniam

391 2517 684 2567 transvectus
708 2518 790 2567 est.
863 2518 975 2567 Post
998 2519 1133 2584 cujus
1156 2519 1582 2568 transfretationem
1606 2536 1687 2567 rex
1708 2519 1955 2568 Gallorum
1982 2519 2225 2585 Philippus
2249 2520 2330 2568 ob—

391 2595 509 2644 sedit
534 2596 840 2645 vernolium*
863 2614 972 2646 cum
996 2598 1177 2646 infinita
1200 2598 1516 2655 multitudine,
1542 2605 1590 2647 et
1614 2598 1801 2647 diversis
1833 2599 2060 2648 bellorum
2084 2599 2329 2655 machinis,

390 2675 471 2724 sed
496 2676 715 2724 confusus
733 2676 842 2725 inde
866 2683 1103 2726 revertens
1126 2677 1174 2726 in
1195 2677 1419 2734 Galliam,
1437 2677 1670 2726 divertens
1690 2677 1919 2726 Ebroicas
1944 2678 2179 2727 civitatem
2204 2695 2330 2726 com-

391 2753 526 2803 buffit
550 2762 598 2803 et
622 2755 865 2804 ecclesiam
890 2756 1204 2821 episcopalem
1222 2773 1331 2805 cum
1350 2756 1535 2805 duobus
1555 2756 1778 2812 abbatis,y
1795 2756 2133 2806 monachorum
2156 2758 2329 2807 scilicet

391 2841 439 2881 et
462 2834 904 2890 sanctimonialium,
930 2842 977 2883 et
1000 2835 1223 2899 reliquias
1245 2835 1337 2884 loci
1361 2835 1484 2884 illius
1507 2836 1663 2884 secum
1682 2835 1865 2884 Gallias
1889 2836 2070 2884 detulit.
2142 2837 2331 2886 Deinde

438 2972 450 2987 ¹
471 2973 537 3007 See
554 2972 616 3007 the
633 2971 811 3018 authority
825 2971 894 3006 last
909 2972 1012 3012 cited,
1031 2983 1067 3018 p.
1087 2972 1168 3009 274.
1279 2971 1291 2987 ¹
1308 2971 1395 3006 This
1408 2972 1505 3006 word
1517 2972 1545 3007 is
1558 2973 1751 3007 re-written
1762 2973 1797 3007 in
1810 2973 1871 3007 the
1888 2973 1966 3008 MS.
1979 2988 1987 3013 3
2002 2974 2028 3008 it
2040 2985 2152 3009 seems
2165 2975 2331 3010 intended

390 3027 663 3073 for—Leopoldi
678 3027 793 3066 ducis3
812 3026 858 3061 he
871 3027 899 3061 is
911 3027 1022 3062 called
1037 3026 1241 3073 Limpoldus
1251 3027 1298 3072 by
1311 3028 1506 3073 Bromptvn,
1523 3028 1590 3062 col.
1609 3030 1717 3067 1250;
1736 3028 1806 3063 and
1818 3029 1947 3063 Hoved.
1966 3028 2025 3064 fol.
2041 3032 2123 3064 426.
2219 3030 2230 3050 t
2253 3030 2333 3064 The

394 3082 479 3117 13th
505 3082 547 3117 of
562 3082 685 3117 March
706 3084 796 3117 1194
809 3094 880 3117 was
897 3094 919 3117 a
934 3082 1087 3128 Sunday.
1126 3083 1322 3128 Bromptom
1343 3082 1410 3117 col.
1433 3084 1534 3123 1257,
1563 3094 1641 3129 says
1658 3083 1736 3117 that
1750 3083 1795 3118 he
1817 3084 1952 3118 arrived
1976 3091 2013 3119 at
2028 3085 2215 3120 Sandwich
2233 3097 2330 3131 upon

395 3140 479 3175 13th
500 3139 635 3180 March,
655 3140 691 3174 in
711 3140 820 3179 Lent;
840 3139 911 3174 and
925 3140 1050 3174 Diceto
1068 3145 1176 3174 states
1187 3139 1265 3173 that
1282 3139 1327 3173 he
1338 3139 1473 3174 arrived
1485 3139 1585 3174 there
1602 3151 1698 3186 upon
1719 3140 1862 3187 Sunday
1873 3141 1935 3176 the
1953 3141 2040 3176 29th
2057 3141 2099 3176 of
2113 3141 2247 3183 March,
2263 3142 2330 3177 ool.

395 3196 496 3234 1257.
527 3195 606 3231 The
617 3201 692 3230 text
704 3195 732 3230 is
746 3195 938 3241 supported
950 3196 996 3241 by
1008 3195 1136 3229 Hoved.
1152 3194 1211 3229 fol.
1224 3197 1294 3229 418
1304 3209 1313 3235 ;
1325 3206 1384 3229 see
1396 3195 1470 3230 also
1483 3195 1542 3230 M.
1554 3196 1665 3236 Paris,
1681 3208 1715 3241 p.
1732 3198 1810 3230 123.
1897 3195 1914 3210 ¹¹
1930 3196 2072 3242 Agens?
2155 3196 2178 3211 ”⁷
2190 3198 2333 3243 Bromp·

394 3254 462 3291 ton,
482 3251 549 3286 col.
572 3253 673 3292 1258,
693 3250 775 3286 who
792 3257 900 3287 states
917 3250 995 3286 that
1016 3250 1169 3286 William
1179 3262 1250 3286 was
1268 3257 1420 3297 present.
1552 3250 1568 3265 ¹
1586 3251 1653 3286 See
1670 3252 1804 3293 DicetO,
1825 3251 1891 3288 col.
1911 3253 1991 3293 673.
2114 3251 2130 3272 ¹
2151 3252 2333 3292 Abbatiis?
