2904 3886
0 3769 26 3886 &W
0 3405 27 3765 -ss'Q-sse‘aen‘n‘w0-ssffl
8 3388 19 3393 s
0 3307 12 3377 *⁸⁶*
0 3290 10 3299 ··
3 3201 5 3206 ·

365 492 500 540 A.D.
534 496 674 540 1003.
816 487 1308 540 CHRONICON
1351 485 1874 537 RYTHMICUM.
2209 489 2305 540 227

429 633 571 681 Anno
595 632 720 698 M.iij.
757 649 839 682 rex
868 633 1139 682 Scottorum
1165 630 1302 680 Grim
1325 637 1552 687 necatur3
1588 629 1692 696 post
1713 645 1857 695 quem

594 794 728 842 Idem
753 793 1041 843 Malcolmus
1064 792 1185 841 deca
1207 798 1278 840 ter
1302 791 1519 857 regnavit
1543 791 1706 846 aristis,

662 874 717 922 In
740 890 904 939 pugna
926 873 1062 922 miles
1085 872 1508 927 victoriosuserat3

595 954 648 1001 In
667 954 772 1002 vico
800 953 1034 1002 Glammis
1057 952 1214 1016 rapuit
1242 950 1410 1016 [mors]
1438 950 1588 1000 libera
1611 967 1795 1017 regem;

661 1033 762 1082 Sub
786 1032 910 1098 pede
933 1031 1181 1097 prostratis,
1196 1029 1408 1083 hostibus
1430 1030 1510 1079 ille
1533 1031 1669 1096 perit.

590 1112 795 1161 Abbatis
823 1111 970 1167 Crini,
988 1112 1091 1176 jam
1116 1110 1232 1159 dicti
1255 1110 1352 1158 filia
1374 1110 1517 1176 regis,

657 1191 788 1240 Uxor
812 1198 912 1240 erat
939 1190 1139 1252 Bethcc,
1163 1189 1355 1238 nomine
1378 1189 1630 1256 dignasui.

356 1450 470 1480 uxor
497 1432 682 1480 abbatis
708 1431 983 1480 Duncaneli
1012 1430 1160 1486 Crini,
1185 1437 1233 1478 et

588 1592 661 1640 Ex
686 1592 766 1639 illa
790 1592 956 1656 genuit
982 1590 1271 1641 Duncanum
1295 1591 1486 1640 nomine
1509 1599 1690 1648 natum,

654 1672 750 1728 Qui
774 1672 895 1720 senis
920 1672 1054 1719 annis
1077 1688 1160 1720 rex
1184 1678 1285 1720 erat
1310 1670 1533 1720 Albanie.

589 1752 633 1799 A
660 1752 832 1817 Finleg
854 1759 995 1801 natus
1019 1751 1237 1816 percuffit
1261 1769 1371 1801 eum
1396 1751 1678 1809 Macabeta3

657 1832 854 1880 Wlnere
877 1832 1007 1880 letali
1032 1849 1114 1880 rex
1139 1839 1255 1897 aput
1280 1831 1426 1898 Elgin
1450 1832 1565 1881 obit.

420 1995 561 2041 Anno
586 1994 800 2041 M.xxxix.
839 1992 955 2040 obiit
981 1992 1245 2041 Duncanus
1269 2009 1350 2041 rex
1380 1992 1667 2049 Scottorum,
1703 1994 1839 2059 cujus
1874 2011 2073 2062 regnum
2100 1998 2296 2048 Macbet

351 2073 433 2121 fibi
460 2074 710 2138 usurpavit.

586 2233 689 2281 Rex
716 2231 988 2280 Macabeda
1012 2248 1041 2279 x
1072 2231 1232 2280 Scotie
1256 2232 1334 2297 vij.
1361 2249 1455 2297 que
1478 2233 1530 2280 fit
1555 2235 1711 2283 annis:

652 2312 706 2360 In
732 2313 866 2377 cujus
890 2328 1038 2377 regno
1062 2312 1217 2361 fertile
1245 2319 1433 2378 tempus
1457 2321 1572 2362 erat.

587 2392 730 2440 Hunc
754 2399 915 2440 tamen
939 2392 986 2439 in
1014 2390 1260 2440 Laufnaut
1283 2393 1522 2441 truncavit
1544 2401 1696 2443 morte
1721 2395 1898 2444 crudeli

653 2471 875 2519 Duncani
899 2478 1055 2525 natus,
1079 2471 1272 2519 nomine
1298 2471 1631 2521 Malcolomus.

423 2634 563 2681 Anno
589 2632 707 2681 M.lv.
749 2631 933 2679 Lulach
958 2638 1161 2695 quatuor
1184 2631 1368 2679 menses
1392 2638 1441 2679 et
1464 2631 1710 2681 dimidium
1733 2635 1962 2699 regnavit.

539 2840 545 2844 ι
584 2775 827 2825 Menfibus
851 2776 1014 2824 infelix
1039 2775 1224 2824 Lulach
1248 2776 1396 2826 tribus
1420 2778 1640 2828 extiterat
1663 2795 1767 2828 rex:

652 2856 811 2904 Armis
835 2855 1046 2921 ejusdem
1072 2855 1351 2904 Malcolomi
1376 2857 1562 2906 cecidit.

587 2937 708 2985 Fata
731 2936 815 2984 viri
838 2936 1026 2984 fuerant
1049 2935 1097 2983 in
1128 2935 1455 3001 Strathbolgin
1481 2944 1596 3003 aput
1621 2937 1789 3005 Effeg:

653 3016 764 3064 Heu
787 3016 850 3065 fic
873 3016 1062 3064 incaute
1089 3014 1195 3064 Rex
1217 3015 1353 3065 miser
1377 3017 1616 3066 occubuit.

587 3164 692 3214 Hos
716 3165 763 3212 in
786 3181 907 3230 pace
932 3165 1055 3214 viros
1078 3172 1210 3214 tenet
1233 3165 1382 3214 insula
1409 3165 1528 3214 Iona
1551 3166 1756 3232 sepultos

651 3245 707 3294 In
729 3245 910 3294 tumulo
935 3262 1118 3311 regum,
1135 3245 1309 3311 judicis
1332 3246 1480 3312 usque
1503 3245 1645 3296 diem.
