2904 3886
626 493 722 538 202
1090 486 1512 537 CHRONICA
1556 486 1657 535 DE
1703 485 2092 538 MAILROS'.
2243 490 2375 540 A.D.
2405 492 2548 543 1268.

627 638 815 696 propter
838 630 986 694 ipsum
1009 628 1155 676 facta.
1207 626 1410 676 Factum
1429 625 1497 674 est
1520 642 1634 691 ergo
1653 633 1706 674 ut
1726 641 1838 674 mox
1859 633 2104 692 perempto
2127 627 2322 677 Simone
2338 637 2388 683 et
2409 639 2553 682 exuto

628 709 688 758 ab
714 709 853 757 armis
876 708 922 755 in
948 705 1118 771 quibus
1136 703 1332 770 jacebat
1354 712 1581 760 mortuus,
1601 703 1795 770 quidam
1812 722 1871 753 ex
1893 705 1999 754 filiis
2019 705 2171 755 Belial
2189 707 2470 758 accederent
2492 711 2554 759 ad

628 803 796 852 corpus
820 786 936 849 ejus,
963 779 1256 832 abscidentes
1290 784 1333 831 ei
1364 800 1532 832 manus
1555 791 1603 832 et
1634 784 1804 849 pedes;
1839 784 1899 833 de
1923 801 2122 850 quarum
2157 786 2306 835 altera
2327 803 2473 837 manu
2493 787 2556 844 fic

623 866 669 913 se
704 864 847 912 habet
878 880 988 911 vera
1018 863 1199 911 relatio.
1272 862 1389 911 Erat
1421 862 1614 927 quidam
1645 863 1880 913 marchius
1911 864 1959 912 in
1991 865 2219 914 comitatu
2246 865 2443 922 Cestrie,
2477 866 2554 915 hic

624 932 732 992 erat¹
747 960 854 991 cum
880 942 1115 991 Edwardo
1140 943 1187 990 in
1212 942 1337 990 bello
1365 941 1603 998 Eusamie,
1629 942 1709 1007 qui
1741 942 1844 1007 post
1867 942 2045 991 bellum
2069 945 2293 1009 arripiens
2315 945 2553 995 interfecti

628 1022 833 1071 Simonis
855 1039 1064 1077 manum,
1090 1022 1150 1070 de
1174 1038 1270 1086 qua
1294 1028 1404 1070 ante
1429 1020 1609 1070 dictum
1634 1021 1716 1078 est,
1740 1022 1860 1070 mifit
1883 1022 2011 1070 illam
2042 1040 2125 1088 per
2149 1024 2368 1073 clientem
2392 1024 2553 1090 impie·

623 1103 733 1151 tatis
751 1103 832 1150 sue
852 1102 912 1150 ad
932 1118 1125 1149 uxorem
1142 1102 1289 1156 suam,
1309 1107 1360 1147 ut
1378 1100 1609 1166 gauderet
1628 1100 1687 1149 de
1706 1101 2037 1150 interfectione
2055 1103 2245 1158 inimici,
2262 1104 2396 1168 cujus
2414 1103 2553 1152 inter·

620 1181 841 1230 fectionis
866 1179 1159 1228 certiffimum
1183 1179 1365 1244 signum
1390 1186 1491 1227 erat
1514 1196 1681 1228 manus
1706 1187 1966 1245 amputata.
2019 1181 2143 1229 Cum
2162 1198 2257 1246 qua
2274 1182 2467 1231 veniens
2491 1182 2552 1231 ad

620 1261 834 1326 predium
859 1259 1035 1307 domini
1060 1259 1126 1307 sui
1152 1259 1297 1307 cliens
1321 1266 1368 1306 et
1390 1274 1486 1306 non
1511 1258 1753 1307 inveniens
1777 1259 1926 1323 predii
1951 1259 2191 1308 dominam
2216 1261 2359 1317 domi,
2383 1277 2551 1326 prope-

620 1347 692 1389 rat
716 1340 776 1388 ad
801 1338 1043 1388 ecclesiam
1075 1337 1393 1402 parochialem
1418 1337 1498 1385 ubi
1523 1345 1639 1393 erat,
1664 1354 1759 1385 non
1782 1337 1925 1404 longe
1950 1355 1979 1386 a
2002 1338 2165 1403 predio
2196 1339 2279 1387 viri
2303 1340 2371 1388 sui
2401 1339 2549 1388 fitam.

623 1419 733 1475 Quo
757 1435 864 1466 cum
888 1416 1079 1466 venifl'et
1103 1433 1209 1464 cum
1234 1433 1377 1464 manu
1401 1433 1543 1480 quam
1568 1416 1788 1481 portabat
1812 1417 1859 1464 in
1891 1417 2072 1481 gremio
2097 1418 2350 1482 panniculo
2374 1419 2551 1467 involu-

623 1506 738 1553 tam,
768 1496 951 1546 acceffit
984 1495 1043 1543 ad
1069 1495 1307 1543 dominam
1338 1495 1537 1559 loquens
1561 1495 1603 1542 ei
1635 1495 1683 1542 in
1707 1511 1819 1542 aure
1850 1495 1910 1543 de
1941 1496 2301 1560 interemptione
2330 1496 2550 1546 Simonis.

622 1585 650 1606 “
670 1577 793 1631 Ac,’'
820 1575 986 1639 inquit,
1013 1582 1042 1603 ‘⁶
1062 1573 1182 1621 istud
1201 1573 1268 1621 est
1285 1573 1466 1638 fignum
1491 1573 1732 1621 occisionis
1757 1573 1908 1638 ejus,'’
1935 1574 2096 1622 volens
2120 1573 2364 1623 ostendere
2388 1575 2432 1623 ei
2455 1591 2552 1623 ma-

617 1672 730 1703 num
750 1661 1059 1719 amputatam.
1109 1653 1193 1701 Set
1211 1652 1377 1700 mulier
1394 1669 1455 1700 ne
1473 1652 1884 1708 verecundaretur,
1903 1652 1978 1700 vel
2001 1653 2122 1701 sorte
2140 1660 2356 1701 metuens
2376 1652 2552 1709 Deum,

618 1743 748 1789 tunc,
775 1749 883 1782 cum
906 1732 1165 1797 persisteret
1188 1733 1235 1779 in
1261 1732 1473 1780 oratione
1497 1733 1594 1787 sua,
1618 1732 1770 1779 noluit
1800 1748 1993 1780 manum
2016 1732 2175 1780 videre
2199 1731 2280 1780 sed
2303 1748 2460 1797 neque
2485 1741 2552 1781 at·

618 1814 837 1868 tractare,
856 1812 967 1860 licet
992 1812 1137 1860 cliens
1161 1811 1383 1859 instanter
1407 1810 1708 1876 persuaderet
1728 1811 1772 1859 ei
1796 1819 1847 1858 ut
1867 1811 2058 1859 allatam
2083 1811 2318 1876 acciperet
2337 1819 2383 1860 et
2406 1828 2553 1876 penes

616 1895 663 1941 se
687 1893 922 1941 retineret.
976 1891 1066 1939 Cui
1091 1907 1337 1955 perperam
1361 1890 1573 1938 suadenti
1599 1890 1663 1937 ait
1682 1889 1889 1945 domina,
1915 1899 1946 1919 ‘⁶
1965 1889 2195 1955 Opperire
2221 1890 2372 1939 donec
2396 1890 2553 1939 divina

616 1973 790 2021 fuerint
821 1969 1194 2036 percelebrata.”
1267 1969 1346 2016 Ad
1364 1968 1537 2034 jussum
1562 1969 1704 2034 igitur
1729 1968 1918 2017 domine
1942 1969 2165 2018 secedens
2189 1969 2341 2017 stabat
2365 1970 2412 2018 in
2436 1970 2552 2017 mul-

617 2051 818 2099 titudine
843 2049 1004 2114 populi
1024 2056 1075 2096 ut
1095 2047 1375 2096 auscultaret
1394 2047 1595 2102 miffam3
1622 2055 1668 2095 et
1693 2048 1875 2096 fafitum
1900 2048 1966 2095 est
1990 2048 2102 2096 dum
2121 2048 2380 2096 elevaretur
2404 2049 2552 2096 sacro-

619 2130 784 2178 sanew
807 2128 974 2183 hostia,
1000 2135 1046 2175 et
1071 2127 1272 2191 populus
1297 2126 1502 2174 elevaret
1525 2142 1692 2173 manus
1715 2126 1837 2180 suas,
1862 2127 2035 2190 pariter
2059 2134 2107 2174 et
2130 2127 2275 2175 cliens
2300 2127 2361 2175 ad
2387 2125 2551 2174 Domi-

620 2225 733 2256 num
772 2225 800 2254 a
837 2206 1079 2254 sacerdote
1117 2205 1353 2253 elevatum
1388 2204 1696 2258 adorandum,
1733 2220 1845 2252 ecce
1882 2221 2048 2253 manus
2086 2205 2233 2253 sancti
2268 2205 2371 2260 viri,
2409 2221 2553 2270 quam

619 2286 852 2351 bajularat
876 2285 1059 2332 satelles
1084 2283 1292 2332 satellitis
1317 2282 1509 2338 diaboli,
1529 2283 1666 2347 supra
1690 2283 1845 2347 capud
1865 2283 1966 2347 ejus
1991 2283 2166 2348 absque
2186 2284 2311 2331 omni
2336 2282 2553 2332 sensibili—

620 2373 718 2414 tate
743 2365 845 2429 ejus
864 2363 1082 2411 divinitus
1107 2362 1174 2410 est
1198 2362 1397 2417 elevata,
1423 2361 1489 2409 ita
1513 2368 1564 2409 ut
1589 2361 1930 2426 preeminentia
1954 2362 2212 2410 altitudinis
2234 2362 2401 2410 melius
2425 2363 2552 2410 cerni

619 2443 837 2509 potuifl‘et
855 2459 998 2507 quam
1023 2458 1191 2501 manus
1214 2440 1619 2505 preeminentioris
1642 2439 1844 2488 hominis
1864 2440 1924 2488 de
1943 2441 2069 2488 omni
2087 2441 2386 2489 multitudine
2403 2440 2551 2489 homi-

619 2540 732 2571 num
763 2522 843 2587 qui
874 2522 937 2569 ibi
970 2529 1082 2568 tunc
1114 2520 1324 2568 aderant.
1398 2519 1506 2575 Que
1538 2519 1650 2566 dum
1682 2519 1897 2566 adoraret
1924 2519 2184 2568 Dominum
2214 2519 2470 2584 majestatis
2504 2520 2552 2568 in

620 2602 882 2650 elevatione
908 2601 1010 2666 ejus
1034 2600 1094 2647 de
1118 2615 1214 2663 qua
1232 2598 1413 2646 dictum
1437 2598 1518 2653 est,
1538 2605 1590 2645 ut
1613 2598 1919 2646 inclinaverat
1942 2599 1990 2646 se
2013 2599 2168 2647 versus
2187 2599 2335 2647 altare
2354 2598 2415 2646 ad
2439 2599 2551 2647 ado-

620 2681 816 2728 randum
853 2696 977 2734 eum,
1014 2678 1140 2726 omni
1175 2677 1305 2726 dicto
1337 2677 1473 2725 citius
1510 2677 1679 2725 iterum
1714 2677 1939 2725 reclinata
1975 2677 2042 2725 est
2076 2678 2123 2725 in
2157 2677 2207 2726 id
2241 2678 2391 2743 ipsum
2424 2677 2551 2728 unde

621 2761 813 2814 exierat,
838 2776 932 2807 non
964 2758 1058 2806 fine
1090 2758 1258 2805 virtute
1292 2756 1560 2811 divinitatis,
1593 2756 1845 2821 panniculo
1875 2773 1970 2820 quo
2002 2757 2326 2818 involvebatur
2356 2757 2547 2806 invento

621 2841 800 2904 integre
826 2838 1017 2886 consuto
1042 2844 1093 2884 ut
1117 2836 1243 2900 prius
1268 2843 1367 2884 erat
1391 2835 1577 2899 penitus
1602 2834 1778 2900 absque
1803 2836 1929 2882 omni
1954 2835 2444 2884 animadvertibilitate
2468 2834 2550 2884 ba*

615 2918 823 2981 julantis.
898 2916 1047 2980 Cujus
1078 2915 1299 2963 novitatis
1333 2913 1610 2962 miraculum
1644 2914 1956 2979 perpendens,
1984 2914 2151 2963 mulier
2181 2931 2325 2979 quam
2356 2913 2548 2979 praedixi

625 2996 781 3043 Deum
814 3002 1118 3049 metuentem,
1152 2993 1217 3042 ait
1248 2993 1405 3041 clienti
1437 2992 1540 3058 post
1569 2992 1698 3041 miffe
1731 2992 2111 3049 celebrationem,
2145 3001 2176 3023 ‘⁶
2198 3009 2391 3042 manum
2420 2991 2547 3041 illam

623 3091 766 3139 quam
792 3075 1008 3122 dominus
1039 3090 1172 3122 meus
1202 3089 1286 3137 per
1317 3080 1365 3121 te
1388 3071 1508 3120 mifit
1532 3072 1593 3120 ad
1616 3088 1709 3128 me,
1733 3079 1921 3137 reporta
1945 3072 2007 3123 ad
2036 3072 2183 3127 illum,
2207 3071 2430 3137 quoniam
2451 3084 2546 3117 non

623 3152 813 3200 intrabit
836 3153 883 3199 in
908 3153 1099 3200 domum
1122 3153 1329 3199 meam.”
1386 3151 1606 3200 Perculsa
1629 3151 1754 3199 enim
1779 3158 1880 3200 erat
1894 3151 2020 3200 miro
2042 3150 2228 3216 stupore
2251 3152 2309 3198 ex
2331 3147 2474 3196 invisa
2498 3155 2546 3195 et

623 3231 833 3279 inaudita
851 3230 1020 3278 vifione
1038 3231 1146 3278 novi
1163 3230 1390 3285 miraculi,
1414 3238 1604 3295 propter
1621 3229 1750 3295 quod
1767 3229 1834 3278 ait
1851 3229 2026 3285 clienti,
2050 3237 2082 3259 “
2095 3227 2266 3293 dignus
2283 3225 2351 3275 est
2368 3225 2545 3275 ultione

2610 1663 2669 1698 fol.
2688 1665 2747 1700 67.
