2846 3874
356 496 489 546 A.D.
532 495 672 545 1216.
814 491 1239 543 CHRONICA
1283 490 1377 541 DE
1423 489 1810 540 MAILROS.
2200 493 2290 537 125

357 635 756 686 Westmustrenfis
773 644 822 685 et
838 636 963 701 prior
985 633 1350 690 Cantuarienfis,
1369 650 1454 699 pro
1471 631 1768 682 libertatibus
1786 629 2086 680 ecclesiarum
2104 630 2291 678 suarum

351 719 486 782 super
510 716 814 766 coronatione
838 716 979 782 regis,
999 722 1163 764 contra
1181 714 1362 763 dictum
1387 712 1674 762 cardinalem
1698 712 1760 760 ad
1784 710 2081 760 audienciam
2107 709 2290 775 aposto-

349 798 439 846 lice
477 797 598 845 sedis
633 796 1002 862 appellaverunt.
1077 791 1476 842 Westmustrenfis
1513 792 1731 841 videlicet
1765 791 1879 857 quia
1914 790 2025 839 alibi
2061 806 2205 855 quam
2242 790 2290 837 in

354 876 788 931 Westmonasterio,
817 873 1167 923 Cantuarienfis
1190 889 1301 921 vero
1325 872 1439 937 quia
1470 871 1531 920 ab
1563 871 1656 920 alio
1681 888 1824 937 quam
1857 888 1886 919 a
1917 870 2108 918 domino
2142 869 2289 918 archi-

350 957 569 1021 episcopo
598 953 939 1009 Cantuarienfi,
965 960 1128 1002 contra
1151 952 1392 1000 libertates
1424 958 1472 999 et
1502 951 1749 1016 privilegia
1773 950 2071 999 ecclesiarum
2103 950 2290 998 suarum

348 1036 503 1084 fuerat
544 1035 810 1083 coronatus.
885 1031 1151 1081 Cardinalis
1193 1038 1354 1079 autem
1379 1030 1674 1095 appellantes
1715 1030 2135 1078 excommunicavit
2156 1048 2169 1085 ;
2207 1029 2290 1094 ipfi

347 1123 508 1163 tamen
542 1113 632 1161 nec
666 1130 751 1178 pro
775 1109 1194 1160 excommunicatis
1225 1110 1272 1157 se
1302 1108 1585 1164 habuerunt,
1604 1125 1695 1156 nec
1724 1108 1784 1156 ab
1810 1109 2126 1173 appellatione
2157 1109 2290 1156 facta

347 1195 393 1241 se
418 1193 758 1241 subtraxerunt.
823 1190 1020 1239 Deinde
1044 1205 1155 1237 vero
1180 1189 1227 1236 in
1252 1188 1434 1236 dictum
1461 1186 1798 1236 Laodowicum
1823 1195 1870 1235 et
1894 1204 2057 1235 omnes
2081 1188 2290 1235 fautores

347 1274 454 1320 suos
479 1269 979 1319 excommunicationis
1003 1268 1283 1316 sententiam
1317 1267 1650 1332 promulgavit,
1682 1274 1729 1315 et
1761 1284 1789 1314 a
1821 1267 2011 1314 domino
2042 1283 2168 1331 papa
2186 1283 2289 1331 pro-

345 1351 491 1399 latam
516 1350 608 1398 effe
635 1349 965 1403 denunciavit;
1001 1364 1187 1396 necnon
1213 1354 1260 1394 et
1284 1346 1528 1394 dominum
1559 1363 1722 1411 regem
1753 1346 2022 1394 Scottorum
2055 1353 2102 1392 et
2126 1362 2290 1393 omnes

346 1438 596 1496 magnates
619 1430 726 1478 suos
757 1427 927 1476 eadem
962 1426 1193 1475 sententia
1227 1424 1485 1479 innodavit,
1518 1432 1566 1472 et
1595 1432 1694 1472 tam
1712 1424 1903 1472 istorum
1928 1442 2071 1489 quarn
2107 1425 2290 1472 illorum

345 1518 493 1558 terras
516 1509 600 1557 sub
625 1507 877 1557 interdi6'co
902 1523 1078 1571 ponere
1109 1521 1205 1552 non
1234 1503 1542 1552 formidavit.⁰
1614 1503 1764 1569 Cujus
1788 1511 1947 1552 tamen
1973 1506 2290 1552 excommuni-

347 1590 544 1637 cationis
570 1596 617 1636 et
640 1587 878 1636 interdicti
903 1585 1149 1640 sententia,
1181 1600 1270 1631 nec
1294 1600 1377 1648 per
1399 1583 1626 1649 Angliam
1649 1583 1805 1631 statim
1830 1583 1897 1631 est
1921 1583 2181 1639 observata,
2201 1601 2290 1632 nec

345 1670 445 1717 sere
480 1686 563 1734 per
599 1685 775 1716 annum
810 1666 1171 1731 subsequentem
1207 1664 1254 1711 in
1285 1663 1447 1711 Scotia
1472 1663 1540 1710 est
1575 1663 1874 1711 denunciata.
1948 1663 2121 1711 Dietus
2146 1664 2289 1711 etiam

346 1748 595 1796 cardinalis
620 1763 783 1795 omnes
808 1746 887 1810 qui
912 1744 1190 1809 humagium
1216 1750 1297 1791 aut
1323 1742 1532 1807 aliquam
1556 1742 1832 1790 fidelitatem
1851 1742 1980 1790 dicto
2004 1742 2287 1791 Laodowico

345 1829 573 1882 fecerant,
600 1826 855 1891 apostolica
890 1824 1174 1872 auctoritate
1207 1839 1303 1887 qua
1326 1821 1631 1887 fungebatur,
1657 1822 1844 1887 penitus
1878 1821 2088 1877 absolvit,
2120 1822 2152 1870 fi
2178 1839 2287 1870 con-

345 1908 461 1955 verti
485 1907 659 1954 vellent
685 1905 745 1954 ad
768 1921 943 1953 novum
967 1919 1131 1968 regem
1156 1910 1203 1950 et
1228 1902 1469 1949 dominum
1494 1903 1626 1950 suum
1649 1902 1928 1967 legitimum.

414 1985 600 2033 Eodem
626 2001 749 2032 anno
787 1983 1035 2031 transsatus
1076 1982 1143 2030 est
1167 1982 1401 2046 dompnus
1430 1981 1694 2036 Conradus,
1738 1981 1885 2029 abbas
1914 1981 2208 2037 Clareuallis,
2241 1984 2287 2030 in

346 2065 569 2113 abbatem
599 2064 827 2118 Cistercii,
852 2063 958 2111 loco
984 2062 1118 2127 cujus
1143 2049 1324 2110 elefflzus
1349 2061 1417 2108 est
1440 2061 1486 2108 in
1504 2060 1727 2109 abbatem
1751 2060 2030 2109 Clareuallis
2056 2062 2287 2126 dompnus

349 2144 616 2192 Willelmus
642 2143 791 2191 abbas
816 2142 875 2190 de
902 2141 1193 2190 Monasterio
1218 2141 1265 2188 in
1291 2140 1540 2206 Nargune.

413 2223 467 2271 In
493 2223 775 2272 occidentali
791 2230 924 2287 parte
950 2221 1135 2276 Scocie,
1158 2237 1255 2286 que
1275 2220 1490 2268 Galewia
1511 2220 1693 2275 dicitur,
1724 2220 1978 2268 secundum
1999 2221 2127 2286 quod
2151 2222 2287 2286 scrip-

344 2303 398 2351 fit
411 2304 656 2368 „dompnus
684 2300 953 2350 Willelmus
979 2300 1128 2349 abbas
1153 2299 1213 2348 de
1232 2299 1481 2364 Glenlus,†
1505 2300 1572 2347 vir
1591 2300 1755 2365 optimi
1780 2300 2030 2348 testimonii
2056 2308 2103 2348 et
2127 2301 2288 2348 sancte

347 2382 711 2430 conversationis
749 2380 1011 2429 monachus
1049 2380 1241 2428 domino
1282 2380 1422 2445 priori
1461 2387 1508 2427 et
1542 2380 1672 2428 sacro
1707 2381 1957 2427 conventui
1994 2379 2053 2427 de
2092 2380 2285 2435 Melros,

347 2462 564 2526 apparuit
588 2460 824 2509 visibiliter
847 2459 1080 2525 stupenda
1103 2460 1240 2524 supra
1263 2459 1457 2507 modum
1482 2466 1529 2507 et
1564 2458 1728 2507 nostris
1752 2459 1917 2507 seculis
1942 2459 2153 2506 inaudita
2176 2460 2286 2507 lune

346 2540 719 2605 transfigurati03
755 2540 885 2604 quod
920 2546 1080 2587 autem
1111 2538 1285 2604 scripfit
1312 2538 1403 2586 hoc
1435 2538 1561 2586 idem
1597 2555 1705 2586 cum
1738 2538 1864 2603 apud
1895 2538 2073 2586 Melros
2109 2539 2287 2586 veniret

346 2619 481 2667 nobis
506 2618 764 2667 astantibus
789 2626 837 2666 et
861 2617 1241 2683 exposcentibus,
1267 2617 1484 2666 omnibus
1508 2618 1588 2682 qui
1614 2617 1811 2665 aderant
1826 2617 2108 2666 audentibus
2133 2626 2180 2665 et
2205 2618 2285 2665 ad-

345 2698 638 2753 mirantibus,
675 2698 863 2763 proprio
901 2714 981 2745 ore
1017 2714 1102 2762 per
1139 2696 1354 2745 ordinem
1379 2697 1626 2745 enarravit.
1703 2695 1891 2761 Scripfit
1915 2697 2056 2762 igitur
2081 2697 2127 2744 in
2162 2697 2285 2745 hanc

343 2779 544 2826 formam
562 2796 573 2825 ι

411 2946 440 2966 “
459 2937 607 2986 Vnus
628 2937 675 2985 in
689 2935 874 2985 Christo
889 2935 1251 2992 venerabilibus,
1258 2936 1474 3008 ‘dompno
1487 2936 1549 2985 A.
1569 2936 1709 3001 priori
1725 2936 1784 2984 de
1796 2935 1990 2992 Melros,
2010 2943 2058 2984 et
2075 2936 2284 3001 ejusdem

343 3016 435 3065 loci
461 3016 727 3072 conventui,
751 3017 895 3064 frater
923 3015 1004 3064 W.
1030 3032 1295 3081 pauperum
1323 3015 1493 3064 Christi
1518 3015 1578 3064 de
1596 3015 1796 3064 Glenlus
1819 3015 2024 3064 minister
2047 3015 2283 3081 indignus,

345 3103 556 3144 eternam
581 3096 627 3144 in
650 3095 863 3143 Domino
886 3095 1099 3144 salutem.
1173 3095 1367 3151 Quanto
1392 3094 1709 3160 impoffibilius
1733 3094 1824 3143 effe
1848 3095 2020 3160 poterit
2037 3095 2283 3143 veritatem

403 3215 419 3231 ⁰
447 3217 598 3258 For-dun,
618 3216 653 3251 ii.
673 3219 731 3252 38.
923 3217 943 3260 †
971 3216 1028 3251 On
1045 3215 1107 3251 the
1132 3215 1263 3261 margin
1281 3214 1323 3250 os
1345 3215 1438 3255 MS..
1470 3220 1493 3235 “
1509 3215 1669 3261 Epistola
1685 3216 1760 3250 abb.
1783 3215 1827 3250 de
1848 3214 2006 3256 Glenlus‚
2027 3215 2070 3250 de
2090 3215 2285 3261 Prodigio,”

340 3272 409 3307 and
427 3278 452 3293 “
467 3272 524 3308 De
540 3271 846 3318 transfiguracione
862 3271 980 3306 lune.''
