2846 3874
395 495 528 547 A.D.
571 499 711 546 1215.
852 493 1279 545 CHRONICA
1327 494 1422 544 DE
1473 494 1866 549 MAILROS.
2238 502 2333 552 119

756 637 978 687 Formam
1000 637 1132 704 pacis
1154 654 1357 687 renuens
1379 636 1491 687 inde
1514 653 1597 686 rex
1619 635 1817 693 receffit,

759 717 857 767 Sed
881 718 1079 767 coactus
1101 717 1399 783 postmodum
1422 717 1581 766 omnia
1605 716 1855 773 conceflit3

755 797 820 846 Et
843 805 895 846 ut
918 814 1087 846 manus
1109 797 1311 846 militum
1334 804 1474 847 caute
1498 797 1772 852 declinaret,

688 903 693 909 ’
756 877 996 942 Quicquid
1020 877 1133 926 effet
1156 877 1383 942 placitum
1406 876 1612 941 promisit
1635 883 1687 924 ut
1710 877 1930 925 servaret.

757 956 913 1005 Omne
941 955 1163 1022 [igitur]*
1188 956 1385 1021 pactum
1407 943 1582 1020 pariter
1604 955 1653 1003 in
1676 956 1897 1021 scriptum
1919 955 2219 1011 reduxerunt,

754 1035 819 1083 Et
841 1035 1043 1100 figillum
1066 1035 1250 1100 regium
1275 1035 1449 1100 apponi
1472 1035 1733 1100 pecierunt,

755 1115 851 1170 Qui
875 1115 1151 1179 promittens
1175 1114 1361 1179 placide
1387 1114 1514 1163 diem
1537 1113 1852 1179 prolongavit,

751 1193 816 1242 Et
839 1201 891 1242 ut
916 1194 978 1242 ad
1006 1193 1244 1242 Oxoniam
1267 1193 1495 1249 venirent,
1520 1193 1767 1241 intimavit.

751 1272 870 1329 Rex,
896 1273 1108 1322 collectis
1132 1273 1321 1329 viribus,
1347 1273 1410 1322 ad
1434 1273 1561 1322 diem
1584 1289 1728 1338 quem
1751 1272 1948 1337 praefixit

751 1353 944 1417 Venit,†
969 1353 1050 1402 sed
1075 1354 1280 1402 articulis
1303 1354 1435 1419 pacis
1459 1353 1763 1408 contradixit;

754 1432 1059 1482 Recefl‘erunt
1082 1433 1225 1498 igitur
1248 1450 1427 1499 magno
1452 1450 1561 1481 cum
1583 1449 1797 1487 rancore,

751 1512 893 1561 Error
916 1513 979 1561 fic
1003 1512 1228 1578 posterior
1251 1513 1384 1578 pejor
1407 1513 1458 1561 fit
1483 1513 1652 1577 priore.

455 1671 557 1719 Rex
594 1672 735 1737 igitur
770 1672 955 1719 interim
991 1671 1051 1719 ad
1082 1688 1257 1720 novum
1290 1671 1495 1720 nocendi
1530 1688 1682 1736 genus
1714 1672 1760 1719 se
1794 1672 2044 1727 convertit;
2091 1671 2331 1720 confilium

385 1751 511 1799 enim
542 1751 707 1799 habuit
739 1752 895 1799 nescio
921 1751 1055 1816 cujus
1083 1751 1386 1816 Achitophel,
1412 1758 1465 1799 ut
1488 1758 1639 1799 totam
1666 1750 1932 1816 Anglorum
1963 1752 2240 1817 progeniem
2270 1751 2330 1800 ab

387 1830 566 1896 Anglia
588 1831 799 1879 funditus
819 1830 1081 1879 eradicaret
1105 1838 1153 1878 et
1177 1830 1388 1880 barbaris
1411 1830 1682 1879 nationibus
1705 1838 1879 1879 terram
1900 1831 2076 1897 Anglie
2101 1839 2331 1896 perpetuo

384 1910 703 1974 possidendam
723 1911 934 1959 donaret.
986 1910 1090 1959 Rex
1114 1918 1273 1959 tamen
1297 1927 1465 1976 regum
1490 1917 1537 1959 et
1559 1910 1793 1959 Dominus
1818 1911 2176 1967 dominantium,
2196 1912 2330 1976 cujus

384 1990 625 2038 decretum
648 1990 1090 2055 nunquam‘poterit
1114 1990 1352 2046 infirmari,
1378 1990 1512 2038 aliter
1535 1990 1634 2038 fieri
1658 1991 2010 2055 praeordinavit3

618 2150 745 2199 Satis
770 2150 896 2198 enim
918 2149 1277 2198 misericorditer
1301 2150 1577 2198 innocentes
1601 2149 1831 2204 liberavit,

614 2230 723 2279 Nec
746 2230 900 2278 minus
924 2229 1197 2278 mirabiliter
1222 2229 1463 2278 confilium
1490 2228 1779 2294 Achitophel
1805 2228 2054 2294 diffipavit3

383 2390 496 2437 dum
519 2406 726 2454 namque
751 2407 810 2438 ex
833 2397 967 2455 parte
991 2389 1132 2454 ipfius
1155 2389 1281 2455 regis
1299 2389 1494 2454 quidam
1519 2406 1577 2437 ex
1600 2389 1692 2438 suis
1715 2388 1978 2437 fautoribus
1997 2388 2326 2442 transmarinis,

387 2468 534 2533 Hugo
554 2469 711 2518 dictus
735 2469 795 2517 de
816 2469 992 2524 Boues,
1012 2469 1372 2517 inestimabilem
1395 2469 1586 2518 navium
1609 2468 1959 2517 multitudinem
1984 2467 2326 2532 congregasset,

382 2556 431 2595 et
455 2565 536 2597 eas
561 2549 704 2597 etiam
729 2549 790 2596 ad
813 2550 1044 2596 summum
1069 2549 1216 2613 usque
1244 2548 1544 2597 multitudine
1575 2548 1938 2613 malignantium
1962 2546 2192 2612 replesset,
2219 2563 2327 2595 con·
2394 2604 2397 2606 v

384 2628 491 2693 tigit
516 2636 567 2676 ut
591 2628 687 2692 ipse
714 2627 877 2694 Hugo,
903 2645 1011 2676 cum
1035 2628 1163 2675 omni
1187 2628 1268 2676 illa
1292 2627 1475 2676 claflica
1497 2628 1813 2683 multitudine,
1833 2627 1894 2692 vj.
1921 2626 2150 2675 kalendas
2178 2626 2325 2674 Octo-

384 2707 478 2755 bris
507 2707 645 2772 [Sep.
672 2707 756 2772 26]
801 2707 958 2755 versus
984 2706 1211 2772 Angliam
1234 2707 1340 2756 vela
1363 2708 1514 2756 ventis
1547 2707 1817 2772 explicaret.
1890 2707 1954 2755 Et
1986 2723 2098 2755 ecce
2131 2706 2325 2754 elevatis

386 2787 447 2834 ad
482 2787 727 2852 imperium
763 2786 928 2834 summi
954 2785 1104 2851 Regis
1138 2786 1330 2835 marinis
1365 2787 1603 2842 fluctibus,
1638 2794 1736 2835 tam
1768 2787 1865 2851 ipse
1892 2785 2040 2851 Hugo
2076 2785 2171 2833 dux
2206 2786 2324 2833 tanti

385 2867 584 2922 sceleris,
605 2883 749 2931 quam
768 2865 911 2913 ceteri
934 2865 1146 2914 scelerati
1168 2865 1320 2914 subito
1338 2865 1558 2914 submerfi
1582 2867 1686 2914 sunt
1705 2865 1835 2930 quafi
1853 2865 2098 2930 plumbum
2122 2865 2169 2913 in
2189 2866 2324 2930 aquis

385 2946 758 3001 vehementibus,
782 2946 848 2993 ita
871 2952 924 2993 ut
947 2962 1006 2993 ex
1030 2945 1157 2993 omni
1180 2945 1260 2993 illa
1283 2945 1583 2994 multitudine
1609 2946 1800 2993 navium
1827 2946 1957 2993 nulla
1979 2946 2166 3010 penitus
2191 2953 2322 3010 opta-

384 3033 485 3073 tum
512 3026 622 3074 litus
646 3025 888 3080 inveniret,
914 3024 994 3072 sed
1017 3031 1115 3073 tam
1149 3031 1320 3073 nautas
1343 3041 1489 3090 quam
1521 3041 1666 3073 naves
1691 3032 1738 3073 et
1764 3032 1945 3074 ceteros
1969 3026 2322 3075 transfretantes

383 3105 524 3154 maris
548 3106 676 3153 unda
698 3105 877 3153 seviens
902 3104 1039 3152 avido
1064 3105 1252 3170 gurgite
1277 3104 1541 3170 deglutivit,
1574 3105 1782 3170 exceptis
1806 3104 2089 3170 pauciflimis
2114 3105 2195 3170 qui
2219 3106 2322 3170 post

385 3184 614 3234 diutinam
637 3185 982 3251 fatigationem,
1007 3184 1318 3249 procellarum
1343 3184 1487 3233 etiam
1512 3191 1559 3232 et
1582 3192 1827 3233 ventorum
1858 3184 2220 3240 infestationem,
2245 3186 2321 3233 vix

447 3300 473 3326 *Γ
495 3301 622 3337 Added
638 3303 750 3337 above
767 3301 829 3337 the
845 3301 914 3336 line
932 3301 978 3346 by
995 3313 1015 3335 a
1031 3300 1118 3336 later
1135 3300 1241 3336 hand.
1420 3301 1440 3345 †
1459 3300 1500 3335 In
1516 3300 1578 3335 the
1595 3300 1737 3346 margin,
1761 3306 1784 3321 “
1801 3301 1871 3347 xiij.
1889 3300 2056 3337 kalendas
2077 3301 2261 3347 Augusti.'‘
