2846 3874
388 492 520 542 ΑΙ).
551 496 691 542 1218.
855 492 1282 543 ΟΗΒΟΝΙΟΑ
1326 492 1428 542 DE
1474 491 1856 542 MAILROS.
2238 499 2329 544 133

388 637 568 703 Anglia
592 637 941 692 commorantis,
973 636 1192 704 dominus
1220 635 1489 684 Willelmus
1522 636 1648 701 prior
1681 632 2012 684 Dunelmenfis
2037 641 2085 683 et
2107 634 2329 699 magister

390 716 631 766 Walterus
655 717 716 766 de
743 716 999 766 Wisebech
1031 716 1391 765 archidiaconus
1415 714 1475 764 de
1502 714 1794 781 Hestriding,
1823 722 1876 763 ut
1905 713 2150 763 ecclesiam
2179 713 2329 763 Scoti-

384 814 570 853 canam,
594 797 861 846 sacerdotes
884 796 1104 845 videlicet
1128 803 1176 844 et
1199 795 1443 861 populum,
1463 795 1674 861 exceptis
1698 795 1927 860 episcopis
1951 802 1999 843 et
2022 794 2243 860 praelatis,
2269 794 2330 842 ab

384 877 700 925 anathematis
731 877 918 925 vinculo
942 875 1075 924 simul
1104 884 1153 924 et
1187 875 1442 923 interdisto
1467 874 1802 923 absolverent.¹¹
1874 874 1970 931 Qui
1998 874 2278 940 incipientes
2302 891 2330 922 a

385 955 565 1005 Berwic
590 956 871 1004 circuierunt
895 955 1106 1003 Scotiam
1125 961 1172 1003 et
1196 953 1643 1019 perambulaverunt
1668 970 1790 1002 eam.
1842 952 2144 1003 Accedentes
2169 962 2330 1002 autem

382 1035 511 1100 apud
536 1034 792 1083 Edenburc
817 1034 878 1082 ad
902 1034 1146 1081 dominum
1180 1049 1345 1098 regem
1377 1040 1666 1097 acceperunt
1691 1033 1835 1080 etiam
1860 1033 1920 1081 ab
1945 1034 2043 1098 ipso
2067 1050 2182 1099 rege
2200 1034 2328 1099 jura-

382 1122 594 1163 mentum
618 1121 665 1162 et
690 1131 719 1162 a
743 1114 851 1169 suis,
875 1113 1028 1161 standi
1053 1112 1236 1177 judicio
1261 1111 1457 1160 ecclesie
1483 1119 1530 1160 et
1565 1112 1804 1160 mandatis
1829 1112 2006 1160 domini
2038 1130 2185 1178 pape3
2217 1114 2327 1162 inde

380 1210 490 1242 vero
524 1193 746 1258 progreffi
783 1194 887 1240 sunt
924 1193 972 1240 in
1010 1192 1295 1257 profundam
1339 1192 1552 1240 Scotiam
1587 1192 1735 1256 usque
1771 1191 2013 1240 Aberden.
2088 1193 2142 1240 In
2174 1193 2327 1241 reditu

379 1280 538 1321 autem
562 1272 907 1338 hospitantibus
932 1272 1021 1321 illis
1054 1272 1183 1337 apud
1214 1271 1449 1327 Lundors,
1488 1289 1571 1336 per
1603 1271 1833 1319 incuriam
1865 1279 1912 1319 et
1943 1272 2326 1337 prodigalitatem

378 1353 722 1417 pincernarum,
742 1353 989 1401 succensus
1009 1352 1076 1400 est
1094 1351 1332 1400 thalamus
1350 1351 1432 1400 ubi
1456 1352 1554 1416 ipse
1578 1351 1703 1416 prior
1721 1368 1829 1399 cum
1849 1352 2094 1400 monachis
2112 1353 2204 1401 suis
2224 1353 2326 1401 dor-

378 1433 576 1489 miebat;
610 1433 735 1481 unde
765 1433 861 1497 ipse
890 1432 1014 1497 prior
1045 1432 1178 1480 fumo
1204 1438 1251 1479 et
1279 1431 1498 1480 incendio
1527 1432 1626 1479 fere
1659 1431 1911 1480 suffocatus
1946 1432 2022 1479 vix
2054 1432 2115 1480 ad
2139 1440 2326 1498 tempus

377 1514 494 1561 mori
520 1513 708 1568 distulit,
734 1513 814 1560 sed
839 1512 920 1559 diu
943 1519 1144 1560 mortem
1167 1528 1263 1559 non
1289 1510 1448 1566 evafit,
1480 1528 1593 1558 nam
1626 1511 1728 1575 post
1759 1511 2039 1576 languorem
2068 1513 2325 1561 maximum

379 1593 506 1657 apud
539 1592 859 1657 Coldingham
892 1591 1128 1640 dedu&us
1160 1599 1208 1639 et
1246 1590 1307 1638 ad
1345 1598 1557 1639 extrema
1595 1590 1869 1655 perdufitus,
1908 1591 2086 1639 ibidem
2115 1592 2325 1657 spiritum

378 1673 597 1728 exalavit,
622 1673 669 1737 ij.
697 1672 801 1720 idus
827 1671 945 1736 Maij
979 1671 1120 1736 [Maij
1148 1670 1247 1735 14].

447 1751 633 1801 Eodem
666 1769 790 1800 anno
814 1752 862 1799 in
892 1751 1259 1799 annunciatione
1284 1751 1522 1799 dominica
1552 1750 1699 1815 [Mar.
1726 1751 1811 1816 25]
1848 1753 2072 1816 praecepit
2104 1752 2324 1818 magister

383 1832 671 1897 WV[alterus]
700 1832 759 1880 de
796 1831 1067 1886 Wisebech,
1106 1831 1166 1879 de
1202 1830 1430 1878 mandato
1463 1830 1578 1878 dicti
1610 1831 1757 1896 legati
1789 1840 1836 1879 et
1869 1831 2153 1879 auditoritate
2185 1831 2325 1896 ipfius

378 1929 474 1976 qua
498 1912 692 1960 functus
717 1911 799 1966 est,
833 1919 884 1958 ut
909 1927 1073 1958 omnes
1106 1910 1298 1958 omnino
1330 1909 1551 1958 monachi
1576 1910 1752 1959 ordinis
1780 1910 1985 1958 Cistertii
2009 1928 2093 1975 per
2125 1928 2325 1977 regnum

382 1991 542 2039 Scotie
567 1991 806 2039 constituti
839 2007 867 2037 a
892 1990 1213 2038 celebratione
1245 1990 1510 2038 divinorum
1535 1989 1777 2038 cessarent.
1852 1990 1942 2054 Ipfi
1966 2007 2075 2038 vero
2109 1991 2322 2046 abbates,

375 2071 551 2119 scilicet
585 2070 820 2119 Radulfus
853 2070 912 2118 de
947 2069 1143 2125 Melros,
1179 2069 1340 2117 Adam
1373 2069 1432 2117 de
1466 2069 1715 2124 Neubotil,
1751 2069 2024 2118 Alexander
2057 2070 2115 2118 de
2145 2070 2323 2135 Cupro,

378 2150 613 2199 Radulsus
637 2150 696 2199 de
725 2150 909 2205 Kinlos,
938 2149 1086 2214 Hugo
1112 2149 1171 2197 de
1196 2150 1362 2197 sanfflm
1395 2149 1625 2204 SeruanO,
1650 2149 1810 2197 omnia
1834 2150 1917 2197 sua
1940 2150 1987 2196 in
2012 2166 2130 2214 pace
2158 2150 2251 2199 Dei
2278 2159 2324 2199 et

375 2231 672 2295 protectione
697 2230 875 2278 domini
899 2246 1024 2295 pape
1048 2236 1295 2293 ponentes,
1321 2229 1502 2277 di&um
1525 2229 1739 2294 legatum
1765 2229 1978 2277 adierant
2003 2237 2118 2294 aput
2144 2229 2324 2278 Ebora-

375 2328 499 2365 cum,
515 2310 595 2358 ubi
614 2310 717 2375 post
734 2310 907 2358 multas
922 2326 1087 2374 preces
1106 2316 1154 2357 et
1168 2309 1423 2356 multorum
1438 2308 1783 2357 interceffiones
1801 2309 1877 2356 vix
1895 2308 1978 2357 fibi
1997 2308 2103 2374 ipfis
2121 2311 2323 2374 gratiam

376 2389 680 2438 absolutionis
695 2390 1078 2454 impetraverunt.
1120 2388 1314 2437 Interim
1330 2396 1491 2437 autem
1506 2389 1762 2453 praedifitus
1783 2388 2071 2453 W[alterus]
2093 2389 2152 2437 de
2172 2389 2321 2438 Wise-

377 2468 497 2517 bech
523 2469 650 2533 apud
676 2468 856 2517 Berwic
887 2469 934 2516 in
959 2468 1035 2516 die
1067 2468 1331 2532 palmarum
1361 2467 1502 2533 [Apr.
1529 2468 1580 2533 8]
1610 2476 1657 2516 et
1682 2469 1729 2516 in
1755 2468 1953 2516 castrino
1979 2485 2086 2515 cum
2111 2469 2321 2532 pluribus

376 2548 556 2596 clericis
580 2556 627 2596 et
651 2548 854 2612 praelatis
878 2548 1030 2596 tenuit
1054 2548 1322 2603 concilium,
1347 2548 1395 2595 in
1420 2564 1516 2612 quo
1540 2548 1794 2613 praedictos
1817 2546 2075 2595 monachos
2100 2547 2146 2594 in
2171 2564 2317 2613 regno

382 2628 541 2676 Scotie
566 2627 841 2675 constitutos
871 2644 1057 2675 necnon
1086 2634 1134 2675 et
1165 2627 1255 2676 illis
1279 2627 1698 2682 communicantes,
1724 2627 2025 2675 denunciavit
2049 2643 2318 2676 excommu-

375 2708 571 2755 nicatos.
617 2706 706 2772 Ipfi
730 2723 840 2754 vero
858 2706 1079 2755 monachi
1103 2706 1281 2755 ibidem
1298 2706 1413 2755 ficut
1429 2714 1539 2755 ante
1563 2708 1791 2762 fecerant,
1811 2714 1909 2754 tam
1927 2714 2090 2754 contra
2110 2705 2317 2771 W[alte-

374 2787 496 2851 rum]
518 2803 662 2851 quam
687 2793 850 2834 contra
865 2786 1045 2834 di&um
1063 2786 1275 2851 legatum
1299 2786 1592 2851 praesentiam
1608 2786 1785 2833 domini
1800 2803 1923 2850 pape
1940 2785 2316 2850 appellaverunt;

374 2875 422 2915 et
440 2867 568 2914 illam
588 2866 953 2931 appellationem
973 2882 1117 2930 quam
1136 2865 1354 2914 dominus
1374 2864 1577 2913 Cistertii
1596 2882 1679 2929 pro
1698 2865 1819 2912 statu
1839 2865 2014 2913 ordinis
2031 2865 2315 2931 interposue-

374 2954 444 2994 rat
463 2947 755 3001 innovantes,
767 2945 1180 2994 denunciationem
1195 2945 1324 2992 illam
1339 2945 1514 2992 irritam
1529 2943 1811 2992 habuerunt.
1845 2945 1954 3000 Quo
1971 2944 2149 3000 audit0‚
2160 2946 2316 2995 dit'ztus

373 3027 561 3092 legatus
584 3026 779 3073 nimium
799 3025 1098 3090 exasperatus
1116 3023 1291 3088 juravit
1315 3022 1421 3089 ipsis
1446 3023 1698 3071 abbatibus
1721 3023 1769 3071 in
1793 3024 2038 3088 praesentia
2062 3024 2184 3073 illius
2203 3043 2312 3074 con-

372 3106 557 3161 stitutis,
582 3106 628 3153 se
653 3105 829 3152 nullam
855 3105 1045 3152 omnino
1070 3103 1272 3169 gratiam
1296 3102 1371 3151 vel
1395 3101 1501 3168 ipsis
1526 3103 1599 3150 vel
1624 3103 1933 3152 conventibus
1957 3120 2117 3152 eorem
2141 3106 2312 3170 praesti-

373 3194 543 3241 turum,
568 3184 651 3233 nifi
675 3185 801 3251 prius
820 3201 902 3249 per
925 3183 1242 3232 testimonium
1261 3183 1585 3248 episcoporum
1605 3191 1651 3230 et
1670 3183 1955 3232 decanorum
1980 3184 2166 3232 suorum
2190 3185 2312 3251 ipsos

1002 3291 1019 3305 ¹¹
1040 3292 1189 3331 Fordun,
1210 3291 1243 3325 ii.
1264 3293 1328 3330 40;
1366 3291 1547 3337 Wymtomae,
1568 3290 1590 3324 i.
1611 3292 1692 3326 363.
