2904 3886
177 983 237 1020 foi.
258 985 314 1023 72.

383 518 516 571 As).
545 516 689 571 1268.
863 515 1294 569 onnoch
1335 492 1438 568 ns
1487 514 1875 568 milanos,
2221 522 2318 568 21⁵

376 661 550 709 uorans
572 659 766 710 omnino
781 658 913 727 quod
941 657 1107 710 Simon
1130 660 1362 727 cogitaret
1379 659 1441 709 de
1461 666 1616 709 morte
1637 672 1784 726 quam
1806 667 2088 726 accepturus
2110 667 2212 709 erat
2235 659 2319 709 sub

379 738 541 805 gladio
564 738 683 805 ejm.

447 817 503 868 In
526 816 696 869 diebus
718 818 809 869 illis
837 818 1037 868 mittitur
1066 818 1136 868 vir
1166 817 1464 868 venerandus
1490 818 1710 868 Oliverns
1741 817 1892 868 abbas
1915 818 1976 868 de
2002 817 2221 869 Driburc’
2255 820 2317 868 ad

380 897 682 955 Edwardum,
705 914 765 948 ex
794 905 930 965 parte
960 905 1010 948 et
1039 898 1205 965 regine
1233 897 1405 948 Scocie
1436 897 1603 948 sororis
1627 896 1871 955 Edwardi3
1901 898 2037 964 cujus
2061 898 2316 949 adventum

375 993 486 1026 cum
508 977 805 1044 comperisset
831 976 1014 1035 Simon,
1037 977 1214 1027 ductus
1230 975 1299 1027 est
1315 976 1380 1026 ad
1399 976 1726 1034 Ednuardum,
1750 978 1917 1027 relicto
1935 978 2165 1028 canonico
2184 979 2317 1028 deor—

376 1057 476 1107 sum
499 1073 585 1124 per
607 1058 655 1107 se
671 1057 755 1123 qui
777 1064 972 1106 venerat
995 1072 1103 1106 cum
1126 1056 1225 1106 illo.
1276 1055 1396 1105 Erat
1418 1056 1546 1106 enim
1563 1054 1852 1106 Eduuardus
1875 1058 1923 1106 in
1947 1057 2044 1106 alto
2068 1057 2181 1108 solio
2205 1067 2317 1107 tunc

375 1137 600 1203 temporis
627 1151 940 1186 commorans·
1013 1135 1240 1185 Ascendit
1263 1152 1379 1202 ergo
1407 1134 1573 1185 Simon
1604 1143 1718 1184 ante
1749 1136 1973 1185 abbatem
2006 1154 2089 1202 per
2112 1137 2317 1204 singulos

374 1216 551 1283 gradus
573 1215 690 1272 solii,
715 1215 891 1265 abbate
914 1231 1024 1264 eum
1047 1214 1387 1282 subsequente3
1409 1209 1492 1280 qui
1517 1230 1626 1264 cum
1645 1215 1838 1264 venisset
1861 1215 1922 1264 ad
1947 1216 2076 1264 illum
2096 1217 2155 1265 ad
2175 1234 2317 1282 quem

373 1294 533 1345 miffus
556 1296 712 1344 suerat
735 1294 838 1361 post
870 1295 1200 1344 salutationem
1230 1295 1413 1344 factam
1442 1310 1575 1343 more
1608 1294 1762 1343 amico
1786 1294 2148 1344 consedencium
2173 1296 2317 1345 locuti

374 1376 480 1424 sunt
503 1375 782 1431 adinvicem,
807 1383 904 1424 tam
936 1374 1017 1423 diu
1046 1375 1241 1424 Simone
1272 1382 1384 1424 ante
1414 1374 1538 1441 ipsos
1569 1374 1721 1424 stante
1745 1373 1898 1424 donec
1931 1375 1992 1423 ab
2018 1370 2216 1425 invicem
2250 1393 2318 1424 re-

375 1454 615 1504 cessiss‘ent.
689 1455 785 1511 Qui
809 1455 923 1503 dum
947 1453 1007 1503 fic
1031 1454 1173 1504 staret
1202 1471 1299 1504 non
1326 1454 1421 1504 huc
1443 1470 1538 1503 non
1562 1453 1674 1502 illuc
1706 1455 1869 1503 oculos
1893 1455 2099 1511 deflexit,
2124 1456 2191 1504 set
2216 1473 2318 1521 per-

378 1535 474 1600 peti
505 1535 679 1584 intuitu
712 1533 877 1583 ambos
901 1534 1180 1583 observabat
1211 1551 1272 1583 ne
1302 1534 1458 1583 littera
1489 1533 1723 1599 susspecta
1754 1534 2016 1583 traderetur
2044 1534 2319 1591 Eduuardo,

375 1622 424 1663 et
446 1630 507 1664 ne
532 1614 605 1663 vel
630 1613 856 1662 sinistrum
891 1613 1086 1662 verbum
1122 1630 1180 1662 ex
1216 1621 1351 1679 parte
1385 1613 1682 1662 mittencium
1718 1630 1829 1662 eum
1862 1613 2096 1662 diceretur
2129 1614 2190 1662 ab
2220 1615 2316 1663 illo.

379 1693 601 1759 Cumque
620 1694 842 1742 collocuti
865 1693 1052 1742 suifl'ent
1071 1700 1301 1758 quantum
1320 1693 1584 1748 voluerunt,
1605 1692 1752 1741 abbas
1776 1694 1986 1759 surgens,
2011 1694 2158 1758 petita
2178 1694 2318 1743 licen-

376 1773 458 1829 tia,
484 1773 684 1829 receffit;
717 1790 860 1838 quem
890 1773 1056 1822 Simon
1089 1772 1378 1838 subsequens
1409 1772 1659 1821 verebatur
1690 1774 1826 1828 sorte,
1853 1781 1903 1821 ut
1929 1773 2078 1822 abbas
2103 1773 2317 1840 susspica-

378 1852 531 1908 batur,
566 1852 696 1918 quod
731 1852 764 1901 si
800 1851 902 1918 post
938 1852 1124 1900 dorsum
1162 1852 1369 1901 Simonis
1402 1851 1504 1900 iss'et
1537 1851 1741 1900 litteram
1779 1852 2022 1901 subdolam
2058 1854 2318 1919 porrigeret

380 1931 655 1988 Eduuardo,
680 1932 742 1980 nd
766 1949 909 1997 quem
935 1931 1084 1980 abbas
1109 1931 1409 1997 subsequens,
1435 1940 1486 1979 ut
1510 1931 1691 1980 dictum
1716 1932 1799 1987 est,
1824 1932 2066 1981 Simonem
2091 1934 2217 1998 prius
2241 1951 2318 1982 ve-

380 2019 531 2067 nerat,
556 2028 616 2060 ne
648 2012 769 2059 forte
794 2011 826 2059 fi
851 2011 1000 2060 abbas
1024 2010 1301 2076 precessiss‘et
1326 2027 1453 2067 eum,
1478 2011 1682 2060 litteram
1714 2012 2001 2060 clandestine
2034 2012 2318 2078 susspicionis

375 2090 509 2140 daret
533 2090 688 2140 eidem
724 2090 1019 2156 proicieud03
1051 2098 1099 2139 et
1130 2091 1238 2140 talis
1261 2090 1455 2156 quidem
1480 2091 1668 2140 cautela
1697 2091 1902 2140 Simonis
1935 2092 2071 2141 valde
2097 2101 2197 2141 erat
2221 2110 2319 2142 mo-

375 2170 482 2219 dica
506 2170 626 2220 inter
649 2170 855 2236 majores
879 2170 982 2236 ejus
1006 2170 1235 2220 cautelas.

443 2250 595 2299 Modo
619 2250 793 2299 faciam
818 2250 959 2299 finem
982 2250 1208 2315 loquendi
1233 2250 1293 2299 de
1323 2250 1518 2300 Simone
1550 2259 1740 2316 propter
1769 2251 1904 2316 cujus
1930 2251 2089 2307 vitam,
2116 2252 2162 2299 in
2186 2253 2319 2300 mini-

375 2330 463 2378 mis
486 2337 534 2379 et
557 2329 839 2395 quibusdam
862 2329 1020 2379 arduis
1044 2347 1073 2378 a
1096 2346 1172 2379 me
1197 2330 1244 2378 in
1268 2329 1427 2395 palam
1451 2337 1694 2395 utcunque
1718 2330 2021 2387 elucidatam,
2045 2348 2139 2379 non
2164 2331 2318 2381 debeo

370 2408 494 2472 juste
518 2409 684 2458 timere
709 2409 907 2474 alicujus
930 2418 1096 2458 contra
1119 2426 1195 2458 me
1227 2410 1371 2458 invidi
1403 2410 1678 2465 convitium,
1704 2409 2067 2466 detractionem,
2091 2411 2166 2459 vel
2190 2426 2318 2459 men—

376 2487 581 2543 dacium,
599 2489 825 2553 quoniam
847 2488 991 2537 nichil
1014 2487 1167 2554 scripsi
1189 2488 1250 2538 de
1274 2489 1353 2538 illo
1372 2488 1455 2538 nifi
1478 2488 1608 2554 quod
1627 2506 1656 2538 a
1678 2490 1786 2538 viris
1809 2489 1901 2538 fide
1926 2489 2081 2555 dignis
2104 2489 2318 2545 fideliter,

377 2575 428 2616 ut
459 2566 639 2623 estimo,
663 2567 806 2616 michi
840 2567 1042 2616 relatum
1076 2567 1262 2633 accepi;
1295 2584 1498 2634 quorum
1534 2568 1839 2618 relationibus
1869 2569 1951 2634 qui
1976 2585 2070 2617 non
2106 2569 2318 2624 credunt,

378 2646 646 2696 nullatenus
668 2646 863 2696 credent
885 2646 1153 2713 Augustino
1178 2646 1371 2704 dicenti,
1394 2647 1514 2696 libro
1538 2648 1632 2713 xvj.
1658 2648 1718 2697 de
1740 2647 1948 2697 Civitate
1974 2648 2084 2703 Dei,
2109 2649 2317 2714 capitulo

379 2726 440 2791 xj.
466 2726 596 2791 quod
620 2733 832 2791 tempore
856 2727 1082 2775 memorie
1106 2727 1187 2777 sue
1211 2727 1291 2776 uni
1315 2726 1493 2776 homini
1517 2734 1651 2776 erant
1674 2727 1770 2777 duo
1794 2728 1967 2793 capita,
1986 2727 2081 2776 duo
2106 2728 2318 2793 pe6AEora,

378 2814 427 2855 et
449 2813 653 2871 quatuor
677 2822 861 2862 manus,
885 2813 1048 2855 venter
1072 2822 1210 2863 unus,
1234 2814 1284 2856 et
1306 2806 1402 2856 duo
1426 2806 1821 2873 pedes;--neque
1848 2805 2031 2863 Orofio,
2055 2807 2137 2872 qui
2160 2815 2319 2857 narrat

378 2884 439 2934 de
470 2901 618 2950 puero
641 2886 723 2951 qui
756 2893 859 2935 erat
888 2885 1176 2951 quadrupeS,
1199 2885 1552 2952 quadrimanuS,
1576 2887 1725 2936 oculis
1747 2894 1966 2952 quatuor,
1991 2886 2183 2937 auribus
2212 2886 2320 2936 toti-

378 2965 504 3021 dem,
536 2972 709 3014 natura
733 2965 868 3021 virili,
891 2964 1067 3031 duplex
1096 2972 1236 3016 natus
1266 2981 1327 3016 ex
1358 2965 1545 3021 ancilla,
1570 2973 1624 3015 ut
1650 2974 1783 3031 patet
1809 2965 1928 3015 libro
1960 2965 2038 3032 vij.
2064 2965 2125 3016 de
2152 2965 2319 3016 Orme-

378 3044 483 3093 tista
508 3044 687 3101 mundi,
710 3045 920 3110 capitulo
944 3044 1189 3110 xj.;-—nec
1215 3044 1368 3094 Plinio
1391 3044 1511 3095 libro
1535 3045 1614 3111 vij.
1639 3046 1848 3111 capitulo
1872 3063 1916 3095 v.
1942 3044 2189 3096 Naturalis
2214 3045 2319 3097 His-

379 3124 514 3181 torie,
546 3125 766 3174 referenti
799 3124 929 3191 quod
959 3124 1155 3190 quidam
1186 3141 1303 3190 puer
1335 3124 1495 3174 factus
1518 3124 1587 3174 est
1613 3141 1672 3174 ex
1702 3125 1884 3191 virgine
1914 3124 1999 3175 sub
2029 3125 2319 3191 parentibus,

379 3202 462 3268 qui
478 3202 604 3269 juffu
622 3203 903 3270 aruffpicum
926 3203 1202 3269 deportatur
1225 3203 1286 3253 ad
1305 3203 1502 3253 insulam
1525 3203 1756 3253 desertam
1765 3221 1936 3261 3—nec
1958 3205 2102 3255 etiam
2126 3204 2320 3255 credent

381 3281 511 3347 quod
532 3282 728 3349 quidam
752 3283 909 3333 infans
932 3283 1141 3334 reversus
1163 3283 1233 3333 est
1263 3283 1311 3333 in
1334 3291 1521 3333 uterum
1554 3283 1716 3335 matris
1739 3284 1999 3342 sue3—nec
2022 3284 2166 3335 etiam
2189 3285 2319 3352 quod
