2904 3886
194 1090 253 1126 fol.
274 1094 332 1126 65.

3 3239 22 3361 εἵς-κεῖ
7 3146 18 3206 -.·›

4 3499 23 3571 32³3:
3 3427 24 3486 δ...
6 3387 22 3413 ,··.-
3 3362 6 3368 ,

29 3735 79 3886 &2241
31 3656 61 3730 23?-

0 3629 28 3886 mvi-
0 3571 23 3624 Ξῖ)

407 461 540 511 Α.Ι).
572 460 713 511 1265.
877 459 1303 510 CHRONICA
1346 459 1447 509 DE
1498 458 1877 508 MAILROS.
2251 464 2342 514 197

405 603 593 653 consilio
618 604 742 671 regis
765 604 965 660 illorum,
986 604 1177 653 demum
1195 620 1359 654 omnes
1377 603 1604 653 assensum
1628 603 1930 670 prebuerunt,
1955 611 2007 651 ut
2031 602 2344 651 venderentur

403 684 504 750 regi
539 684 720 750 petenti
757 685 933 733 Scotie.
1006 684 1255 750 Factaque
1292 683 1359 733 est
1391 684 1553 750 itaque
1588 683 1862 750 compositio
1897 684 2017 732 inter
2052 683 2171 732 duos
2206 699 2346 748 reges

402 764 666 828 predictos3
702 764 836 830 cujus
872 763 1218 830 compositionis
1248 763 1352 812 haec
1383 763 1452 812 est
1482 765 1665 813 summa
1701 780 1874 819 annua,
1916 762 2062 812 silicet
2094 762 2224 829 quod
2261 779 2344 811 rex

409 843 569 892 Scotie
593 844 720 892 omni
753 861 878 892 anno
902 845 950 892 in
973 850 1256 910 perpetuum
1280 843 1412 892 dabit
1442 844 1545 909 regi
1577 843 1834 909 Norwagie
1859 850 2050 892 centum
2079 843 2223 892 libras
2245 842 2343 891 stir-

402 922 637 989 lingorum
661 940 745 989 pro
771 923 1050 989 cognicione
1074 922 1285 989 homagii
1308 922 1427 971 facti
1450 923 1552 988 regi
1576 921 1834 988 Norwagie
1859 940 1888 971 a
1912 923 2042 971 dic‘co
2069 922 2344 972 Alexandro

402 1019 516 1068 rege
552 1002 729 1052 Scotie.
803 1003 899 1060 Qui
935 1003 997 1051 ad
1030 1003 1260 1067 majorem
1294 1002 1609 1057 securitatem,
1647 1019 1730 1067 pre
1765 1002 1983 1051 manibus
2018 1004 2205 1068 pacavit
2242 1003 2344 1068 regi

402 1081 658 1148 Norwagie
689 1089 894 1147 quatuor
923 1082 1055 1129 milia
1084 1097 1365 1136 marcarum,
1402 1097 1522 1146 quas
1554 1080 1680 1129 idem
1711 1098 1793 1129 rex
1818 1081 2074 1147 Norwagie
2108 1081 2168 1129 ad
2200 1098 2344 1131 unam

401 1162 552 1210 vicem
575 1162 787 1226 percepit
810 1162 858 1209 in
882 1161 1030 1209 insula
1058 1159 1281 1215 Orcadie,
1306 1176 1390 1225 per
1413 1176 1582 1209 manus
1607 1160 1812 1227 episcopi
1838 1161 2046 1225 ejusdem
2072 1162 2233 1217 insule,
2257 1178 2342 1227 pro

400 1240 558 1289 insulis
582 1240 937 1306 prenominatis.

469 1320 612 1369 Anno
655 1320 851 1369 Domini
889 1319 1132 1385 M.cc.lxvj.
1176 1319 1333 1368 dictus
1374 1319 1592 1368 dominus
1631 1318 1942 1386 Reginaldus,
1984 1320 2246 1370 monachus
2285 1322 2344 1370 de

402 1400 598 1456 Melros,
614 1400 753 1448 rediit
771 1400 831 1448 de
848 1399 1148 1465 Noruuagia‚
1166 1399 1398 1464 expeditis
1415 1399 1476 1447 ad
1494 1406 1604 1448 vota
1620 1400 1830 1448 omnium
1852 1400 2122 1449 Scottorum
2140 1401 2344 1467 negotiis

400 1497 485 1546 pro
510 1480 681 1546 quibus
705 1480 823 1527 ierat
848 1479 1169 1544 expediendis.
1243 1479 1387 1536 Quod
1411 1478 1606 1544 quidem
1629 1479 1854 1527 nuncium
1877 1480 2033 1529 nullus
2052 1497 2261 1546 unquam
2287 1498 2344 1530 ex

399 1560 506 1608 filiis
543 1560 814 1609 Scottorum
850 1559 1003 1624 potuit
1038 1575 1307 1624 procurare,
1350 1566 1506 1624 preter
1542 1558 1828 1607 monachum
1873 1559 2156 1624 predictum,
2195 1561 2344 1609 virum

402 1639 597 1706 quidem
630 1640 890 1705 sapientem
925 1646 972 1688 et
1008 1639 1054 1687 in
1091 1637 1258 1687 divinis
1290 1639 1490 1704 eloquiis
1521 1638 1837 1704 sollempniter
1871 1639 2170 1705 predicandis
2206 1641 2344 1689 valde

400 1719 709 1775 luculentum,
742 1718 823 1784 qui
855 1719 1111 1785 promeruit
1138 1718 1367 1767 veraciter
1400 1718 1460 1766 ad
1492 1717 1668 1766 bonum
1701 1718 1869 1767 domus
1900 1720 1980 1768 sue
2013 1720 2344 1785 inperpetuum

402 1799 613 1865 graciam
638 1807 686 1847 et
716 1800 927 1847 favorem
953 1798 1163 1846 omnium
1195 1815 1362 1863 regum
1394 1798 1475 1863 qui
1508 1798 1567 1846 de
1592 1805 1751 1846 cetero
1775 1798 1919 1847 futuri
1952 1800 2057 1847 sunt
2088 1800 2135 1847 in
2166 1799 2343 1855 Scotia‚

401 1878 485 1927 nisi
508 1877 592 1945 ipfi
615 1896 753 1945 reges
776 1879 948 1944 ingrati
973 1880 1094 1926 forte
1119 1878 1432 1933 inveniantur,
1457 1877 1710 1926 reddentes
1733 1877 1911 1926 malum
1934 1895 2018 1944 pro
2038 1878 2163 1927 bono
2183 1879 2343 1928 domui

402 1958 462 2007 de
488 1958 690 2015 Melros;
727 1958 856 2023 quod
889 1958 1026 2007 Deus
1051 1965 1229 2006 avertat
1256 1975 1284 2005 a
1309 1958 1451 2005 corde
1477 1957 1628 2005 omnis
1657 1957 1908 2006 Christiani
1932 1959 2081 2024 regis!
2141 1959 2343 2008 Secutus

401 2037 469 2086 est
500 2044 661 2086 autem
690 2038 817 2086 hunc
848 2037 1149 2093 monachum,
1182 2053 1292 2085 mox
1324 2036 1494 2085 eodem
1528 2054 1652 2085 anno
1680 2038 1873 2086 veniens
1905 2038 1952 2086 in
1983 2030 2208 2095 Scotiam,
2235 2056 2343 2088 can-

401 2116 617 2166 cellarius
641 2117 818 2165 domini
849 2117 974 2183 regis
1000 2116 1266 2183 Noruagie,
1300 2116 1499 2166 afferens
1529 2117 1687 2165 secum
1717 2117 2102 2183 compositionem
2134 2119 2343 2183 superius

399 2203 725 2245 memoratam.
1617 2237 1619 2239 .
1814 2218 1817 2221 ⁴

468 2275 612 2325 Anno
633 2276 829 2325 Domini
847 2277 1108 2343 M.cc.lxvij.
1134 2277 1180 2325 in
1201 2277 1409 2343 capitulo
1428 2277 1639 2343 generali
1659 2276 1910 2343 deponitur
1929 2277 2162 2344 dompnus
2184 2278 2342 2328 Adam

401 2355 460 2403 de
502 2355 743 2411 Maxstun,
787 2356 935 2405 abbas
971 2357 1030 2404 de
1068 2356 1264 2412 Melros,
1301 2356 1382 2422 qui
1421 2357 1819 2422 deposuit*filium
1854 2357 1987 2405 suum
2023 2357 2247 2406 abbatem
2283 2359 2342 2407 de

402 2432 580 2482 Holmo
605 2442 737 2482 extra
761 2435 1019 2500 capitulum
1038 2435 1227 2495 ordinis,
1247 2443 1294 2485 et
1318 2435 1427 2484 ideo
1445 2437 1671 2484 talionem
1694 2437 1873 2501 recepit
1897 2436 2213 2502 depositionis,
2234 2454 2341 2485 cum

400 2530 495 2579 quo
521 2513 770 2579 deponitur
795 2514 943 2562 abbas
968 2514 1027 2562 de
1054 2514 1248 2571 Holmo,
1274 2532 1332 2563 eo
1358 2515 1487 2580 quod
1517 2516 1687 2563 meruit
1712 2514 2065 2580 depositionem,
2091 2516 2203 2581 quia
2235 2533 2342 2581 pro-

401 2593 579 2641 curavit
603 2593 941 2659 depositionem
966 2593 1151 2643 abbatis
1175 2594 1242 2642 sui
1263 2593 1475 2650 Henrici,
1500 2595 1581 2660 qui
1604 2611 1689 2661 per
1713 2595 1971 2660 capitulum
1996 2596 2218 2661 generale
2244 2596 2340 2644 sedi

399 2672 588 2737 pristine
619 2672 888 2721 restituitur.
965 2673 1190 2722 Successit
1223 2681 1382 2722 autem
1407 2673 1616 2739 deposito
1642 2674 1804 2722 abbati
1834 2674 1893 2722 de
1920 2674 2100 2723 Melros
2124 2674 2340 2724 dominus

399 2750 430 2801 J
432 2751 643 2800 ohannes
662 2751 722 2800 de
742 2751 1000 2808 Ederham,
1018 2753 1240 2818 magister
1259 2754 1585 2802 conversorum
1605 2754 1814 2819 ejusdem
1833 2753 2016 2803 domus.
2072 2753 2342 2819 Deponitur

400 2830 634 2896 dompnus
666 2830 876 2879 Jacobus
911 2831 1061 2881 abbas
1097 2831 1309 2880 Cistercii
1343 2832 1391 2880 in
1424 2833 1632 2897 capitulo
1663 2833 1891 2899 generali,
1922 2841 2204 2898 procurante
2236 2833 2339 2899 ejus

400 2909 739 2975 depositionem
763 2918 999 2959 conventu
1027 2911 1263 2968 Cistercii;
1300 2911 1464 2977 postea
1490 2913 1650 2961 fafitus
1673 2912 1741 2961 est
1772 2912 1898 2961 idem
1930 2911 2166 2977 depositus
2190 2913 2339 2962 archi-

400 2989 645 3055 episcopus
669 2989 992 3039 Narbonenfis
1015 2990 1062 3038 in
1084 2991 1338 3047 Gasconia,
1358 2991 1492 3056 cujus
1516 2991 1817 3057 depositionis
1841 2991 2067 3041 successor
2089 2992 2247 3042 factus
2272 2992 2339 3041 est

398 3068 632 3134 dompnus
657 3068 686 3117 J
689 3069 900 3119 ohannes
924 3069 1074 3119 abbas
1103 3070 1463 3120 Sauiniacenfis.

467 3146 635 3197 Abbas
666 3148 726 3197 de
752 3149 898 3205 Dere,
931 3149 1149 3199 dominus
1183 3149 1342 3198 Adam
1374 3150 1434 3198 de
1463 3149 1724 3207 Smalham,
1756 3150 2016 3200 monachus
2047 3151 2108 3200 de
2142 3150 2337 3208 Melros,

398 3225 546 3292 gratis
569 3227 738 3276 dimisit
761 3228 968 3278 officium
991 3230 1140 3287 suum,
1165 3229 1348 3279 malens
1372 3229 1672 3280 dulcedinem
1699 3229 2069 3289 Melrosenfium,
2094 3248 2214 3298 quos
2238 3248 2340 3297 pre-
