2852 3874
584 495 646 539 88
1046 485 1470 536 ΟΗΒΟΝΙΟΑ
1514 483 1615 533 DE
1659 481 2047 532 MAILROS.
2197 484 2495 541 A.D.1175.

583 644 742 678 coram
765 642 878 691 rege
901 625 982 672 suo
1010 622 1249 671 Willelmo
1271 620 1517 685 ligantiam
1533 619 1748 666 fecerunt
1771 625 1820 666 et
1842 617 2027 667 obfides
2049 617 2296 676 dederunt,
2313 629 2363 670 et
2384 624 2501 688 epif-

583 707 688 772 copi
713 697 1072 770 ejusdem'regni
1095 701 1143 748 in
1166 698 1309 747 verbo
1333 697 1539 746 veritatis
1561 696 1837 744 fidelitatem
1864 695 2140 761 juraverunt
2166 696 2376 747 Henrico
2399 703 2501 767 regi

586 784 775 849 Anglie,
799 777 986 829 civitate
1012 778 1272 826 Ebora00.¹¹

647 862 788 910 Anno
811 857 1053 922 M.c.lxxvj.
1083 855 1388 910 Wiuianus,W
1410 855 1532 903 tituli
1555 853 1704 902 sancti
1734 853 1963 919 Stephani
1982 853 2030 902 in
2052 853 2187 903 Celie
2204 863 2365 905 monte
2382 858 2504 922 pres-

581 940 697 987 biter
728 936 990 991 cardinalis,
1023 934 1264 1000 apostolici
1295 933 1415 982 sedis
1449 934 1652 999 legatus,
1683 933 1901 981 Scociam
1924 933 2126 989 intravit,
2152 934 2434 985 conculcans
2456 946 2504 985 et

578 1016 895 1066 comminuens
919 1013 1058 1062 obvia
1081 1030 1287 1078 queque,
1311 1013 1558 1078 expeditus
1581 1028 1751 1077 capere
1774 1028 1864 1060 nec
1894 1011 2146 1077 impeditus
2168 1029 2349 1078 rapere.
2376 1029 2380 1031 “

646 1094 901 1143 Ricardus¹
924 1109 1098 1148 comes,
1123 1092 1405 1158 cognomine
1436 1091 1755 1157 Strangboge,
1779 1091 1827 1139 in
1853 1090 2100 1156 Hybernia
2123 1091 2254 1141 obiit.

646 1173 796 1222 Facta
820 1172 887 1221 est
905 1172 1142 1220 contentio
1167 1171 1287 1219 inter
1314 1170 1581 1218 Walterum
1605 1169 1829 1218 abbatem
1849 1169 2156 1219 Tironensem
2175 1178 2222 1219 et
2237 1170 2266 1219 J
2269 1171 2504 1221 ohannem

582 1253 889 1301 Kalcoensem
914 1251 973 1300 de
996 1250 1306 1315 subjectione,
1331 1251 1436 1314 quis
1460 1266 1623 1298 eorum
1646 1248 1880 1298 videretur
1903 1249 1996 1298 effe
2018 1250 2184 1315 major.

646 1331 787 1380 Anno
818 1329 1082 1394 M.c.lxxvij.
1126 1327 1402 1377 Fredericus
1439 1328 1760 1376 Romanorum
1801 1328 2054 1393 imperator
2091 1328 2152 1377 ad
2190 1328 2503 1378 Christianam

578 1411 874 1459 devotionem
893 1417 940 1457 et
958 1408 1118 1457 sancte
1136 1408 1297 1456 matris
1317 1406 1510 1456 ecclefie
1528 1407 1758 1455 unitatem
1783 1407 1936 1462 rediit,
1961 1415 2009 1455 et
2034 1407 2288 1455 Venetiam
2311 1409 2504 1457 veniens

581 1490 771 1537 domino
797 1505 933 1553 papae
960 1487 1233 1535 Alexandro
1259 1503 1333 1535 111.
1365 1487 1412 1534 in
1437 1485 1632 1534 ecclefia
1661 1485 1823 1533 Sancti
1849 1485 2002 1533 Marci
2026 1487 2335 1534 reverentiam
2359 1503 2503 1551 quam

579 1568 741 1616 debuit
761 1575 807 1615 et
827 1567 1074 1631 spopondit
1089 1574 1136 1614 et
1154 1559 1398 1631 impendit,
1418 1573 1466 1613 et
1484 1565 1530 1612 in
1549 1564 1730 1629 fignum
1745 1564 1854 1612 fidei
1878 1572 1926 1612 et
1943 1564 2135 1613 foederis
2152 1564 2270 1613 firmi
2294 1566 2503 1630 suscepe-

575 1654 680 1694 runt
703 1647 750 1694 se
773 1646 971 1694 invicem
994 1646 1042 1693 in
1065 1645 1223 1694 osculo
1246 1645 1391 1710 pacis.

643 1725 921 1773 Vivianusxx
944 1724 1207 1780 cardinalis,
1235 1723 1481 1789 Hybernia
1496 1724 1696 1779 rediens,
1722 1724 1849 1789 apud
1873 1724 2074 1772 castrum
2102 1723 2371 1772 Puellarum
2390 1741 2504 1789 prae-

575 1806 696 1852 latos
722 1804 854 1869 regni
884 1804 1056 1852 Scotiae
1081 1803 1372 1858 convocavit,
1398 1811 1445 1852 et
1468 1804 1516 1851 in
1541 1803 1739 1852 concilio
1764 1803 1896 1851 sedit.

643 1883 858 1948 Rogerus
877 1882 1024 1931 abbas
1039 1883 1214 1947 primus
1232 1882 1291 1930 de
1312 1882 1547 1933 Drieburc
1565 1898 1725 1930 curam
1744 1882 1902 1930 ovium
1921 1881 2185 1947 refignavit,
2206 1890 2254 1930 et
2275 1882 2504 1930 Girardus

575 1962 697 2026 prior
720 1962 764 2010 ei
789 1962 850 2009 ad
871 1961 1173 2009 ministerium
1197 1960 1418 2009 fucceflit.

646 2040 887 2088 Walterus
917 2040 1038 2088 filius
1064 2039 1223 2094 Alani,
1248 2039 1430 2104 dapifer
1454 2040 1579 2104 regis
1608 2039 1892 2095 Scottorum,
1917 2039 2159 2088 familiaris
2182 2039 2352 2095 noster,
2378 2040 2500 2087 diem

576 2119 707 2173 obiit,
732 2119 866 2183 cujus
888 2118 1030 2166 beata
1054 2119 1210 2166 anima
1233 2118 1357 2166 vivat
1381 2119 1427 2166 in
1452 2118 1638 2183 gloria.y

644 2198 784 2245 Anno
808 2197 1085 2261 M.c.lxxviij.
1125 2196 1240 2245 obiit
1271 2196 1500 2245 Ricardus
1533 2196 1777 2261 episcopus
1809 2196 1868 2245 de
1903 2196 2172 2252 Dunkelde,
2198 2204 2245 2245 et
2272 2195 2501 2246 Ricardus

574 2277 817 2341 episcopus
840 2275 988 2324 sancti
1014 2275 1239 2326 Andree.z

642 2354 869 2420 Magister
893 2354 1148 2410 Johannes,
1174 2355 1456 2419 cognomine
1486 2355 1692 2409 Scottus,
1718 2354 1778 2402 ad
1803 2354 2123 2419 episcopatum
2141 2354 2290 2402 santffi
2309 2353 2502 2402 Andree

574 2433 754 2481 electus
778 2433 860 2487 est,
886 2432 965 2480 sed
996 2450 1108 2498 rege
1137 2433 1377 2481 Willelmo
1406 2433 1549 2481 totius
1573 2433 1746 2481 viribus
1770 2433 1992 2481 electioni
2017 2433 2118 2497 ejus
2142 2433 2372 2481 renitente
2399 2431 2501 2480 Hu-

573 2528 746 2576 gonem
771 2511 1066 2576 capellanum
1091 2513 1237 2571 suum,
1257 2512 1389 2577 regia
1406 2513 1552 2560 fretus
1567 2511 1814 2576 potestate,
1830 2512 1877 2559 in
1897 2511 2091 2560 ecclefia
2109 2512 2258 2560 sancti
2280 2511 2501 2566 Andreae,

572 2599 622 2637 ut
647 2590 807 2646 voluit,
833 2590 1102 2655 episcopum
1127 2591 1384 2639 consecrari
1407 2591 1535 2640 fecit.
1589 2590 1715 2639 Hinc
1740 2590 1848 2639 inde
1873 2591 2027 2656 gravis
2047 2591 2286 2639 contentio
2311 2598 2359 2639 et
2382 2591 2501 2656 peri—

572 2669 727 2716 culosa
751 2668 909 2717 divifio
934 2669 1152 2718 emerfit.⁸

617 2824 633 2839 ¹¹
653 2826 848 2871 Brompton,
868 2825 933 2860 col.
957 2827 1045 2860 1103
1060 2841 1070 2866 ;
1098 2826 1276 2873 Knyghton
1293 2838 1371 2872 says
1395 2826 1423 2861 it
1439 2837 1510 2861 was
1528 2837 1624 2872 upon
1641 2825 1703 2861 the
1719 2824 1806 2860 2oth
1823 2824 1866 2860 of
1886 2826 2036 2871 August,
2055 2826 2122 2861 col.
2150 2827 2264 2866 2396;
2291 2837 2350 2861 see
2368 2825 2497 2860 Hoved.

570 2879 628 2913 fol.
652 2882 732 2915 312.
890 2879 911 2895 '
933 2880 1151 2926 Concerning
1182 2880 1252 2916 this
1287 2881 1452 2916 vibianus
1485 2892 1525 2916 or
1558 2880 1725 2915 vivianus
1761 2880 1983 2922 Thomasius,
2015 2892 2075 2916 see
2116 2882 2305 2922 ciaconius,
2335 2880 2359 2915 i.
2397 2881 2498 2915 1091.

570 2932 584 2948 ¹
602 2933 753 2969 Richard
764 2934 806 2970 de
827 2935 939 2976 Clare,
957 2935 1041 2971 Earl
1058 2935 1100 2970 of
1109 2935 1315 2971 Pembroke.
1413 2935 1450 2951 ¹¹
1472 2936 1538 2971 See
1557 2937 1686 2971 Hoved.
1698 2935 1759 2971 fol.
1779 2938 1860 2971 316.
1958 2935 1974 2956 ’
1992 2935 2128 2971 Walter
2146 2936 2346 2971 Fitz-Allan
2354 2945 2443 2980 gave
2458 2940 2498 2970 to

567 2988 628 3023 the
645 2990 756 3035 abbey
771 2990 813 3024 of
827 2990 977 3026 Melrose
1001 2990 1079 3025 four
1095 2990 1322 3037 ploughgates
1339 2990 1382 3026 of
1398 2990 1482 3026 land
1496 2997 1533 3026 at
1551 2988 1821 3032 Edmundiston,
1840 2990 1894 3025 sor
1917 2990 1979 3026 the
2000 2991 2094 3036 good
2109 2990 2152 3026 of
2170 2990 2232 3026 the
2256 2989 2335 3025 soul
2350 2988 2393 3024 of
2406 2988 2496 3024 Mal-

571 3043 659 3077 eolm
679 3044 739 3078 IV.
783 3045 935 3081 Monast.
959 3045 1096 3086 Annals,
1121 3058 1157 3091 p.
1176 3047 1257 3082 266.
1311 3046 1368 3081 He
1391 3046 1465 3081 also
1489 3058 1576 3091 gave
1593 3046 1690 3081 them
1707 3045 1945 3081 considerable
1961 3045 2180 3092 possessions
2204 3045 2241 3079 in
2264 3043 2326 3079 the
2351 3049 2440 3078 west
2464 3043 2507 3078 os

575 3096 748 3138 Scodand,
768 3110 803 3144 p.
823 3101 902 3140 275,
922 3100 1039 3135 where
1055 3101 1083 3135 it
1098 3101 1127 3135 is
1144 3101 1259 3136 stated
1274 3100 1353 3136 that
1377 3101 1423 3136 he
1439 3102 1581 3136 became
1598 3113 1644 3136 an
1667 3101 1798 3136 inmate
1814 3100 1858 3136 of
1873 3100 1944 3135 this
1968 3106 2178 3146 monastery,
2198 3098 2315 3134 where
2331 3097 2378 3133 he
2402 3098 2494 3133 died.

570 3150 584 3165 ¹
607 3151 822 3199 Conceming
837 3154 898 3189 the
917 3156 1133 3202 uncertainty
1145 3155 1187 3190 of
1193 3156 1294 3191 these
1311 3156 1414 3197 obits,
1434 3168 1494 3192 see
1507 3157 1620 3206 Keitfi,
1635 3168 1696 3202 pp.
1716 3157 1773 3197 76,
1790 3158 1853 3196 12;
1871 3155 1935 3190 the
1946 3161 2022 3191 text
2038 3156 2067 3190 is
2079 3153 2272 3201 supported
2282 3154 2330 3200 by
2341 3153 2494 3194 Mun,

568 3206 590 3238 i.
609 3207 691 3242 475.
834 3209 913 3252 (28)
928 3207 942 3223 “
964 3210 1043 3244 The
1060 3210 1208 3256 struggle
1220 3210 1338 3246 which
1354 3211 1441 3246 took
1456 3210 1556 3256 place
1572 3211 1734 3246 between
1749 3210 1812 3246 the
1824 3221 1884 3245 see
1901 3209 1944 3245 of
1951 3210 2064 3246 Rome
2079 3206 2151 3245 and
2165 3208 2228 3244 the
2239 3208 2322 3255 king
2337 3207 2380 3244 os
2392 3208 2493 3248 Soet-

568 3260 661 3300 land,
681 3261 823 3296 relative
839 3268 879 3297 to
896 3262 964 3298 this
978 3264 1123 3310 subject,
1142 3265 1171 3299 is
1191 3264 1343 3301 detailed
1358 3265 1445 3300 with
1461 3265 1676 3302 minuteuess
1692 3266 1739 3312 by
1756 3265 1927 3300 Hooeden.
