2904 3886
627 472 718 517 148
1088 465 1512 516 CHRONICA
1557 465 1658 514 DE
1704 464 2091 547 MAILRO‘S.
2237 466 2369 517 A.D.
2411 469 2552 519 1236.

624 605 842 671 pastorali
877 620 986 652 cure
1016 602 1354 670 valedixit‚·cui
1386 600 1594 649 succeffit
1618 601 1852 666 dompnus
1878 599 2026 667 Hugo
2050 601 2111 651 de
2150 640 2287 655 .....
2297 613 2312 634 “
2346 606 2555 670 ejusdem

622 685 713 734 loci
749 683 1022 732 monachus.

691 763 833 811 Anno
860 761 1058 810 Domini
1082 759 1388 824 m.cc.xxxvij.
1414 760 1491 825 pie
1516 759 1854 808 recordationis
1878 759 2097 810 dominus
2123 761 2355 812 Ricardus
2376 763 2560 812 Dunel-

621 842 787 902 menfis
811 841 1088 906 episcopus,t
1110 847 1158 889 et
1181 839 1403 888 fundator
1426 856 1547 887 nove
1573 838 1766 888 ecclefie
1797 839 2150 905 Salesbyrienfis
2174 842 2412 908 egregius,
2435 843 2560 892 viam

623 922 830 970 universe
862 920 1014 969 carnis
1043 920 1111 968 est
1141 919 1467 985 ingressus-in
1501 919 1698 967 crastino
1735 919 2004 968 sanctorum
2042 920 2267 986 Tyburcii
2309 930 2357 970 et
2382 922 2559 971 Valerii

626 1000 766 1066 [Apr.
799 1001 899 1066 15],
918 1000 1036 1048 feria
1061 1000 1234 1048 scilicet
1258 999 1323 1064 iij.
1351 1006 1462 1051 ante
1486 998 1674 1063 pascha,
1699 999 1815 1047 hora
1838 1000 2010 1064 prima3
2047 1001 2181 1066 cujus
2205 1018 2375 1066 corpus
2399 1002 2560 1067 sepeli-

620 1090 694 1128 tur
718 1081 764 1128 in
790 1079 984 1128 ecclefia
1008 1080 1276 1128 sanctarum
1298 1078 1573 1127 monialium
1598 1078 1657 1126 de
1685 1079 1881 1135 Tarent,
1907 1097 2051 1144 quam
2077 1080 2172 1145 ipse
2197 1081 2428 1129 fundavit.
2481 1081 2559 1130 Ad

620 1162 800 1209 sacrum
830 1160 963 1225 cujus
1001 1159 1234 1207 tumulum
1269 1159 1541 1223 frequenter
1575 1157 1790 1206 membra
1823 1158 2152 1224 languentium
2187 1161 2328 1208 modo
2358 1162 2558 1216 sanitati,

620 1240 832 1304 quolibet
856 1239 1020 1287 morbo
1045 1239 1218 1287 fuerint
1243 1230 1441 1304 gravati,
1467 1238 1784 1286 restituuntur.

686 1319 872 1368 Eodem
892 1336 1016 1367 anno
1041 1318 1240 1383 predicti
1267 1335 1420 1383 reges,
1446 1335 1554 1365 cum
1572 1318 1663 1366 suis
1682 1318 1857 1382 reginis
1877 1326 1924 1366 et
1948 1318 2183 1367 nobilibus
2203 1319 2309 1368 viris
2329 1329 2556 1368 utrorum-

619 1417 713 1464 que
737 1416 1006 1464 regnorum,
1032 1405 1353 1446 convenerunt
1385 1398 1433 1445 in
1458 1398 1535 1445 die
1559 1398 1707 1445 sancti
1736 1397 1957 1445 Mauricii
1987 1398 2126 1463 [Sep.
2153 1398 2238 1463 22]
2268 1400 2395 1464 apud
2429 1400 2556 1449 Ebo-

618 1488 817 1534 mcum,u
833 1479 912 1526 ubi
931 1496 1014 1543 per
1032 1495 1106 1526 xv.
1127 1478 1228 1525 dies
1243 1478 1565 1525 tractaverunt
1583 1477 1643 1525 de
1662 1477 1874 1541 negociis
1893 1494 2161 1542 regnorum,
2177 1479 2389 1542 presente
2410 1479 2558 1527 Otho-

617 1576 676 1606 ne
700 1559 860 1624 legato
886 1558 1062 1605 domini
1091 1574 1238 1622 pape;
1271 1564 1318 1604 et
1350 1557 1541 1604 tandem
1573 1556 1789 1603 dissoluto
1826 1556 2024 1604 concilio
2055 1573 2136 1604 rex
2169 1557 2361 1621 quidem
2391 1559 2558 1607 Scocie

618 1637 902 1702 repatriavit,
915 1636 1008 1684 ‘sed
1032 1637 1197 1701 regina
1227 1636 1387 1684 Scotie
1412 1652 1520 1683 cum
1545 1635 1709 1701 regina
1737 1634 1912 1701 Anglie
1938 1636 2078 1683 causa
2102 1637 2326 1685 orationis
2350 1637 2558 1686 Cantua-

617 1718 732 1765 riam
758 1717 888 1771 adiit,
913 1724 961 1764 et
985 1716 1109 1764 circa
1131 1715 1407 1764 Lundonias
1432 1715 1648 1763 ultimum
1673 1715 1798 1763 diem
1823 1714 2000 1771 claufit,
2026 1723 2077 1763 ut
2101 1716 2148 1763 in
2172 1716 2559 1782 subsequentibus

617 1796 909 1861 apparebit.W

686 1876 819 1923 Obiit
854 1876 1088 1940 dompnus
1116 1875 1405 1923 Gillebertus
1437 1873 1586 1922 abbas
1611 1874 1670 1923 de
1710 1874 2039 1923 Holmcoltran
2076 1876 2203 1940 apud
2232 1875 2557 1933 Cantuariam,

618 1956 730 2003 dum
754 1956 926 2003 rediret
950 1955 1009 2003 de
1035 1955 1242 2020 capitulo
1278 1955 1505 2020 generali,
1539 1955 1614 2002 cui
1651 1954 1859 2002 successit
1881 1955 2114 2020 dompnus
2138 1955 2381 2004 Johannes
2411 1956 2558 2005 abbas

619 2035 678 2082 de
707 2035 837 2100 Iugo,
855 2035 969 2089 Dei,
995 2043 1042 2082 et
1068 2035 1127 2082 de
1156 2034 1275 2099 Iugo
1303 2034 1396 2081 Dei
1422 2034 1702 2098 pastoralem
1728 2051 1889 2081 curam
1923 2035 2121 2099 suscepit
2152 2034 2415 2084 Nicholaus
2440 2036 2556 2100 ejus-

619 2115 725 2162 dem
752 2114 919 2161 domus
943 2113 1081 2178 prior.

687 2193 830 2241 Anno
858 2193 1053 2240 Domini
1082 2193 1508 2257 M⁰.cc⁰.xxx⁰.viij⁰.
1539 2192 1655 2240 obiit
1688 2192 1909 2258 magister
1935 2192 2082 2259 Hugo
2109 2194 2167 2242 de
2196 2194 2387 2242 Potterx
2411 2194 2558 2242 archi-

620 2273 846 2320 diaconus
874 2272 1208 2337 Glasguienfis,
1234 2272 1335 2337 post
1361 2272 1494 2336 cujus
1514 2272 1694 2319 obitum
1720 2272 1889 2320 divisus
1914 2272 1981 2320 est
1999 2273 2430 2329 archidiaconatus3
2463 2291 2559 2321 ma-

618 2352 758 2417 gister
777 2352 901 2400 enim
929 2352 1168 2400 Mathaeus
1193 2352 1252 2399 de
1281 2351 1527 2399 Habirden
1554 2352 1710 2400 dictus
1735 2352 1802 2400 est
1827 2352 2184 2400 archidiaconus
2209 2353 2268 2400 de
2298 2353 2493 2418 Glasgv,
2513 2362 2560 2401 et

619 2431 839 2497 magister
867 2431 1034 2480 Petrus
1059 2432 1118 2479 de
1146 2430 1407 2496 Alingtuny
1430 2439 1625 2479 vocatus
1651 2431 1717 2479 est
1743 2431 2100 2479 archidiaconus
2119 2431 2178 2479 de
2206 2432 2459 2480 Theuidal.

689 2511 820 2559 Obiit
857 2511 1124 2559 Willelmus
1157 2511 1306 2560 abbas
1337 2511 1395 2559 de
1431 2511 1749 2566 Dunfermlin,
1789 2511 1864 2558 cui
1902 2510 2110 2559 succeffit
2145 2511 2406 2560 Gaufridus
2438 2513 2561 2576 prior

620 2591 827 2655 ejusdem
852 2591 1034 2639 domus.

687 2671 899 2718 Domina
935 2670 1202 2719 Johannayy
1238 2671 1403 2736 regina
1441 2671 1609 2718 Scocie
1642 2671 1766 2718 circa
1802 2670 2078 2719 Lundonias
2119 2672 2250 2736 gravi
2291 2671 2559 2718 infirmitate

623 2829 789 2877 Marcii
820 2829 968 2894 [Mar.
989 2829 1040 2894 4]
1066 2830 1184 2877 inter
1203 2847 1370 2878 manus
1389 2831 1601 2885 fratrum,
1624 2830 1688 2878 H.
1709 2830 1884 2878 scilicet
1908 2830 2034 2896 regis
2055 2829 2231 2896 Anglie
2257 2838 2305 2879 et
2327 2830 2405 2878 R!
2429 2830 2560 2878 ducis

668 2936 678 2949 ⁸
708 2936 786 2970 The
803 2948 904 2971 name
922 2937 950 2971 is
968 2937 1089 2971 erased
1105 2936 1193 2970 from
1219 2937 1280 2971 the
1302 2937 1395 2978 MS.,
1423 2938 1486 2972 but
1511 2937 1538 2971 it
1563 2949 1634 2972 was
1655 2943 1678 2956 ‘⁴
1697 2937 1894 2972 Maunse1.”
2039 2938 2049 2958 ²
2071 2938 2224 2973 Richard
2249 2938 2362 2972 Poore
2379 2937 2459 2972 died
2478 2936 2561 2970 15th

624 2991 729 3035 April,
754 2993 854 3029 1237.
897 2992 1106 3038 Easter-day
1122 2992 1181 3027 seu
1206 3005 1302 3038 upon
1319 2993 1380 3027 the
1402 2993 1486 3027 l9th
1504 2992 1546 3027 of
1556 2993 1617 3028 the
1635 3005 1730 3028 same
1748 2993 1884 3028 month.
1915 2994 1981 3029 See
1999 2994 2058 3029 M
2076 2995 2187 3034 Paris,
2203 3006 2238 3040 p.
2259 2993 2340 3028 300.
2455 2990 2472 3005 ¹¹
2494 2991 2561 3026 See

618 3045 678 3078 the
695 3052 807 3091 treaty
823 3047 982 3082 between
999 3047 1108 3088 them,
1128 3048 1164 3082 in
1181 3047 1242 3082 the
1255 3049 1409 3090 Faedem,
1430 3049 1452 3083 i.
1468 3050 1536 3083 233
1550 3063 1558 3088 ;
1578 3049 1652 3084 also
1670 3049 1729 3084 M.
1748 3050 1859 3090 Paris,
1879 3061 1914 3095 p.
1931 3051 2012 3084 305.
2159 3048 2181 3062 “’
2203 3049 2269 3084 See
2281 3049 2432 3087 Fordun,
2451 3046 2485 3082 ii.
2500 3049 2558 3080 65.

618 3098 664 3112 '¹'
683 3101 842 3146 Dugdale
860 3102 1012 3137 Mona-st.
1041 3115 1074 3137 v.
1094 3106 1176 3138 593.
1370 3103 1386 3118 ¹
1407 3105 1559 3146 Fordun,
1578 3104 1613 3139 ii.
1633 3107 1691 3145 65,
1719 3104 1783 3139 has
1812 3109 1836 3125 ‘⁶
1850 3105 2017 3147 Potton,”
2042 3104 2112 3139 and
2131 3104 2192 3139 the
2221 3103 2300 3139 MS.
2320 3102 2362 3137 of
2380 3101 2440 3136 the
2465 3113 2560 3135 same

568 3199 579 3208 .
618 3155 803 3195 chronicle,
827 3156 924 3191 Harl.
944 3159 1023 3198 712,
1043 3157 1103 3192 fol.
1126 3161 1204 3199 165,
1223 3159 1323 3193 reads
1345 3164 1368 3179 ‘⁶
1382 3159 1545 3194 Poehton
1557 3161 1589 3199 ;”
1610 3159 1673 3194 the
1690 3171 1792 3194 name
1809 3160 1845 3194 in
1861 3159 1924 3195 the
1941 3159 2154 3205 manuscript
2170 3157 2213 3193 os
2222 3157 2284 3193 the
2300 3162 2441 3203 present
2457 3156 2559 3191 chro-

619 3210 710 3245 nicle
725 3211 845 3245 stands
858 3211 952 3252 thus,
975 3218 998 3231 “
1016 3213 1144 3248 Pott’.”
1311 3213 1325 3233 ’
1346 3214 1571 3260 Halingtona.
1624 3215 1774 3255 Fordun,
1793 3215 1828 3250 ii.
1844 3217 1902 3250 65.
2071 3213 2104 3234 ’'
2125 3212 2343 3258 Concerning
2359 3211 2422 3246 her
2439 3211 2556 3252 death,

619 3277 678 3300 see
694 3265 769 3300 also
786 3265 844 3299 M.
867 3267 978 3306 Paris,
998 3279 1032 3312 p.
1053 3270 1133 3302 316.
1327 3268 1341 3282 ¹
1371 3268 1525 3304 Richard
1543 3269 1783 3314 Plantagenet,
1802 3281 1958 3316 younger
1973 3280 2039 3304 son
2056 3267 2099 3303 of
2107 3268 2189 3313 king
2205 3267 2312 3308 John,
2332 3279 2404 3302 was
2422 3268 2560 3303 created

619 3321 688 3357 carl
706 3321 748 3357 of
757 3321 942 3362 Cornwall,
963 3322 1049 3356 aoth
1070 3322 1164 3369 May,
1189 3325 1289 3358 1226.

2619 1646 2676 1679 fol.
2696 1648 2754 1679 43.
2775 1647 2809 1679 b.
