2852 3874
548 498 611 543 42
1010 487 1430 540 CHRONICA
1473 485 1574 535 DE
1618 482 2005 535 MAILROS.
2148 485 2281 536 A.D.
2322 491 2463 542 1009.

552 626 721 676 Postea
742 624 823 674 nifi
858 621 1060 689 perfidus
1089 621 1184 670 dux
1219 619 1418 670 Edricus
1450 616 1726 683 impedisset,
1756 616 1896 682 plene
1919 616 1994 665 de.
1991 616 2192 668 eisdem
2196 634 2284 674 rex
2296 621 2465 673 trium-

549 704 728 771 phaffet
752 701 984 751 Eilredus.

615 783 755 833 Anno
778 797 832 829 M.
835 796 881 828 x.
914 784 1199 827 memoratus
1224 775 1470 826 Danorum
1493 773 1724 824 exercitus
1746 789 1935 822 omnem
1964 773 2066 823 fere
2093 774 2341 825 australem
2367 776 2466 826 An-

548 862 690 927 gliam
717 859 861 923 usque
891 856 953 905 ad
986 855 1359 906 Lincolniensem
1389 853 1676 919 provinciam
1707 852 2004 902 devastantes
2034 864 2466 912 concremaverunt,

548 948 594 989 et
617 937 858 986 victoriam
882 935 941 984 de
968 934 1244 1000 Estanglis,q
1265 933 1387 982 heu!
1424 933 1472 981 in
1495 932 1660 997 proelio
1683 931 2000 981 obtinuerunt.

613 1016 753 1064 Anno
776 1015 897 1080 M.xj.
922 1014 1038 1063 obiit
1060 1030 1186 1080 papa
1214 1012 1440 1078 Sergius,r
1461 1012 1537 1060 cui
1561 1010 1766 1062 succeffit
1793 1010 2098 1060 Benedictus.

613 1095 740 1143 Dani
762 1095 901 1149 ferro,
925 1093 1123 1142 flammis
1141 1091 1304 1141 urbem
1326 1091 1582 1140 Cantuarie
1605 1089 1925 1139 miserabiliter
1943 1091 2234 1147 consumunt,
2254 1093 2467 1142 sanc-'tum

548 1173 773 1239 Elfegum
790 1173 1203 1238 archiepiscopum,
1221 1171 1417 1237 spoliata
1435 1170 1677 1235 principali
1701 1169 1869 1218 Christi
1888 1169 2098 1226 ecclesia,
2117 1178 2165 1239 et
2186 1170 2468 1221 Godwinum

549 1252 799 1301 Rofensem
844 1252 1128 1317 episcopum,
1174 1258 1221 1299 et
1271 1249 1559 1298 Leofrunam
1605 1248 1903 1297 abbatissam·
1948 1250 2170 1314 capiunt3
2223 1250 2468 1300 Elfredum

548 1332 689 1380 etiam
723 1332 847 1397 regis
870 1329 1180 1396 praepositum,
1214 1328 1470 1378 monachos
1494 1344 1685 1393 quoque
1716 1336 1763 1376 et
1795 1328 2003 1384 clericos,
2033 1336 2081 1377 et
2108 1330 2335 1394 populum
2358 1331 2468 1378 utri-

548 1411 692 1474 usque
727 1411 860 1458 sexus
895 1408 1297 1457 innumerabilem.
1373 1408 1579 1456 San&us
1608 1423 1718 1456 vero
1755 1406 1955 1472 Elsegus
1987 1408 2172 1456 vinctus
2202 1416 2387 1458 tenetur
2422 1418 2469 1458 et

547 1490 683 1537 variis
707 1489 883 1553 injuriis
907 1488 1103 1536 afficitur
1127 1495 1175 1535 et
1198 1487 1401 1552 graviter
1424 1486 1670 1540 sauciatur,
1697 1485 1758 1533 ad
1776 1485 1962 1534 claffem
1987 1485 2185 1542 ducitur,
2211 1488 2257 1534 in
2282 1505 2468 1536 carcere

547 1567 758 1622 truditur,
793 1567 951 1631 ibique
979 1567 1122 1631 vij‘em.
1155 1565 1386 1614 mensibus
1419 1565 1653 1629 affligitur.
1725 1564 1968 1620 Monachi‚
2000 1565 2099 1620 viri,
2131 1566 2365 1622 mulieres,
2401 1567 2468 1614 in-

545 1646 711 1693 fantuli
752 1645 1057 1699 decimantur,
1103 1660 1271 1692 novem
1311 1642 1600 1691 trucidantur
1641 1642 1851 1691 decimus
1890 1643 1983 1690 vite
2023 1644 2295 1692 reservatur.
2372 1646 2467 1693 iv⁰¹.

547 1723 803 1779 monachis,
829 1723 1001 1772 Dcccffi.
1026 1723 1132 1771 viris
1157 1722 1495 1770 decimatorum
1518 1722 1697 1770 summa
1723 1721 1991 1786 perficitur.t
2061 1721 2254 1771 Interim
2282 1723 2350 1772 ira
2376 1723 2469 1772 Dei

547 1803 591 1853 in
626 1802 850 1867 populum
884 1801 1168 1849 homicidam
1193 1801 1448 1855 deseviens,
1481 1817 1538 1849 ex
1562 1800 1630 1849 eis
1654 1800 1701 1864 ij.
1737 1800 1883 1848 millia
1914 1816 1996 1864 per
2031 1800 2155 1849 diros
2183 1802 2469 1851 internorum

548 1881 778 1928 cruciatus
802 1880 1058 1944 prostravit,
1082 1896 1170 1928 nec
1194 1887 1352 1927 tamen
1379 1879 1487 1927 Deo
1512 1886 1559 1926 et
1583 1878 1746 1927 saneto
1770 1878 1977 1943 pontifici
2001 1879 2302 1929 satisfaciunt.

617 1959 756 2007 Anno
780 1958 918 2022 M.xij.
951 1957 1153 2023 perfidus
1185 1958 1279 2006 dux
1312 1957 1512 2006 Edricus
1541 1957 1741 2005 Streona
1773 1965 1821 2006 et
1848 1973 2012 2006 omnes
2040 1959 2263 2022 primates
2293 1960 2469 2026 Anglie

552 2037 807 2086 Londoniis
842 2037 1133 2102 congregati,
1164 2036 1430 2102 promissum
1467 2036 1618 2085 Danis
1654 2035 1879 2085 tributum
1913 2027 2114 2102 {Lviijta
2156 2037 2377 2104 [48,000]
2416 2040 2468 2088 li-

550 2117 735 2165 brarum
758 2115 1095 2181 persolvebant.

608 2194 791 2243 Interea
805 2195 1097 2243 sacrosancta
1107 2194 1338 2243 dominice
1354 2194 1446 2243 diei
1461 2194 1656 2242 sabbato
1670 2194 1809 2259 [Apr.
1820 2194 1898 2260 13]
1912 2195 2075 2243 saneto
2087 2194 2261 2261 Elfego
2278 2214 2306 2245 a
2319 2197 2469 2246 Danis

549 2273 819 2338 proponitur
843 2273 1071 2329 condicio,
1086 2281 1137 2322 ut
1160 2273 1193 2321 fi
1210 2274 1304 2321 vita
1323 2281 1369 2322 et
1392 2273 1607 2322 libertate
1625 2274 1765 2322 vellet
1788 2274 1924 2338 potiri
1949 2267 2012 2340 ii-j.
2038 2274 2226 2341 [3,000]
2248 2275 2469 2325 librarum

548 2352 774 2417 persolvat
790 2370 803 2407 ;
827 2352 905 2400 illo
928 2352 1132 2407 nolente,
1150 2369 1314 2400 necem
1333 2353 1434 2417 ejus
1457 2353 1603 2417 usque
1623 2352 1683 2400 ad
1701 2352 1829 2401 aliud
1846 2353 2093 2402 sabbatum
2107 2355 2355 2419 protelant,
2374 2371 2469 2420 quo

550 2431 826 2479 adveniente
843 2430 1001 2495 spiritu
1023 2431 1191 2479 furoris
1215 2431 1456 2496 exagitati,
1482 2432 1589 2479 vino
1607 2432 1754 2480 multo
1778 2432 2009 2488 inebriati,
2034 2432 2094 2482 de
2119 2450 2305 2483 carcere
2330 2434 2470 2483 educ-

550 2517 649 2557 tum
673 2509 733 2556 ad
756 2526 916 2558 eorum
941 2509 1188 2558 concilium
1211 2511 1499 2575 pertractum
1517 2511 1683 2559 averfis
1706 2511 1942 2560 securibus
1966 2512 2206 2577 dejiciunt,
2221 2513 2471 2578 lapidibus,

551 2587 734 2643 offibus,
767 2587 945 2636 bovinis
970 2588 1201 2654 capitibus
1224 2588 1441 2637 obruunt.
1514 2589 1594 2638 Ad
1618 2591 1834 2639 ultimum
1864 2591 2058 2655 quidam
2085 2592 2234 2640 Trum
2264 2594 2470 2649 nomine,

473 2716 482 2722 ,
551 2682 692 2731 quem
715 2667 862 2732 pridie
880 2667 1190 2723 confirmarat,
1214 2668 1358 2733 impia
1380 2677 1535 2718 motus
1558 2670 1751 2734 pietate,
1767 2670 1962 2719 securim
1987 2671 2128 2735 capiti
2153 2673 2254 2736 ejus
2278 2672 2472 2728 infixit,w

552 2746 630 2810 qui
654 2745 807 2794 statim
836 2747 881 2794 in
907 2746 1114 2795 Domino
1137 2746 1431 2797 obdormivit.
1504 2748 1688 2814 Corpus
1712 2766 1821 2798 vero
1845 2750 1967 2799 illius
1992 2749 2068 2799 die
2099 2751 2311 2816 sequenti
2346 2750 2471 2800 Lon·

599 2906 685 2941 “At
704 2906 863 2952 Ipswich,
895 2919 990 2953 upon
1007 2907 1069 2942 the
1098 2908 1182 2943 leth
1211 2908 1253 2943 os
1276 2908 1370 2955 May.
1515 2909 1528 2924 ¹
1545 2910 1681 2955 Sergius
1707 2910 1796 2951 died,
1829 2911 1899 2946 and
1927 2911 2096 2947 Benedict
2114 2912 2217 2947 VIII.
2236 2923 2308 2947 was
2332 2912 2467 2947 elected

555 2961 661 2995 about
675 2961 736 2996 the
752 2961 934 3008 beginning
961 2962 1003 2997 os
1024 2950 1241 3009 Ju1y‚1012.
1410 2963 1512 2999 'She
1528 2977 1600 3000 was
1626 2966 1750 3000 abbess
1774 2965 1817 3000 of
1838 2967 1878 3001 St
1898 2966 2074 3002 Mildred's
2097 2966 2241 3007 church,
2269 2966 2306 3001 in
2325 2967 2469 3002 Canter-

553 3015 650 3060 bury.
693 3017 728 3049 S.
747 3017 905 3052 Dunelm.
924 3017 990 3052 col.
1013 3020 1090 3052 168.
1111 3019 1268 3060 Ger-vase,
1288 3018 1354 3054 col.
1377 3021 1478 3055 1649.
1599 3020 1611 3040 ‘
1633 3021 1700 3056 See
1715 3020 1778 3056 the
1790 3027 1941 3056 account
1955 3021 2057 3066 given
2067 3022 2114 3067 by
2134 3021 2260 3061 Thon-n,
2280 3020 2346 3056 col.
2368 3021 2470 3058 1781.

558 3067 650 3102 ”Ac
631 3069 789 3115 ceording
803 3077 842 3106 to
857 3071 918 3106 the
936 3073 1016 3107 Sex.
1027 3074 1184 3107 chronae
1164 3073 1258 3118 eight
1273 3073 1450 3110 thousand
1465 3075 1613 3121 pounds,
1632 3087 1668 3122 p.
1691 3078 1781 3116 143;
1799 3076 1862 3111 the
1876 3077 2017 3122 reading
2032 3075 2075 3111 of
2083 3075 2146 3111 the
2161 3081 2236 3110 text
2251 3075 2291 3116 ἱε,
2307 3087 2345 3110 as
2358 3076 2470 3115 usual,

553 3122 642 3157 from
658 3123 800 3165 Sinoeon,
818 3125 884 3160 col.
905 3128 983 3161 169.
1126 3126 1148 3141 '
1164 3128 1270 3173 Upon
1286 3128 1348 3164 the
1368 3129 1452 3165 lath
1468 3129 1511 3165 of
1520 3130 1614 3176 May,
1655 3131 1692 3166 S.
1710 3132 1872 3166 Dunelm.
1890 3131 1958 3166 eol.
1980 3133 2058 3166 169.
2087 3129 2167 3165 The
2179 3129 2315 3165 Roman
2340 3129 2472 3166 church

556 3176 742 3214 celebrates
758 3177 811 3213 his
827 3180 1033 3226 martyrdom
1049 3193 1145 3227 upon
1161 3182 1231 3218 this
1247 3183 1326 3230 day.
2219 3185 2222 3188 ’

2529 2761 2588 2798 sol.
2611 2765 2665 2797 10.
2685 2764 2719 2797 b.
