2852 3874
570 503 660 554 106
1025 496 1443 548 CHRONICA
1486 495 1586 545 DE
1635 493 2014 544 MAILROS.
2173 495 2477 545 A.D.1205.

631 639 756 689 Gelu
787 652 1026 702 magnum,
1059 642 1107 682 et
1140 633 1437 687 horrendum,
1469 639 1518 680 et
1541 631 1825 686 diuturnum,
1855 647 1968 680 oves
1995 637 2043 679 et
2075 629 2221 679 boves
2255 639 2303 679 et
2333 648 2483 697 equos

562 717 781 767 silvestres
803 714 978 778 ubique
1002 720 1227 761 terrarum
1249 711 1420 759 stravit.

628 794 754 843 Muri
781 791 1067 857 Rothomagi
1091 790 1152 839 ab
1174 789 1441 838 hominibus
1464 789 1589 854 regis
1615 787 1813 837 Francie
1836 788 2073 837 solotenus
2095 787 2310 852 prostrati
2333 788 2453 838 sunt.

630 872 760 921 Obiit
786 870 1028 919 Hubertus
1052 869 1424 934 archiepiscopus
1453 868 1741 917 Canthuarie
1765 867 1830 934 iij.
1856 867 1961 916 idus
1984 866 2098 916 Julii
2126 865 2243 933 [Jul.
2274 866 2406 932 13].w

629 950 761 999 Obiit
787 949 1018 997 Radulfus
1043 948 1190 997 abbas
1214 948 1273 996 de
1297 947 1534 996 Jodewrth
1558 947 1636 1012 vij.
1662 947 1766 995 idus
1792 946 1995 1012 Augusti
2024 945 2176 1012 [Aug.
2203 945 2275 1011 7].

630 1029 769 1077 Anno
793 1028 986 1092 M.cc.vj.
1025 1028 1256 1092 dompnus
1288 1027 1516 1075 Ricardus
1540 1027 1599 1074 de
1628 1025 1792 1075 Caue¹
1825 1026 1982 1075 sactus
2014 1025 2082 1074 est
2115 1024 2263 1074 abbas
2287 1024 2346 1074 de
2374 1025 2484 1075 Ke12

563 1108 731 1163 chou,*
755 1107 836 1172 iiij.
861 1107 1089 1155 kalendas
1115 1106 1290 1171 Aprilis
1319 1105 1466 1170 [Mar.
1492 1105 1597 1170 29].

628 1187 692 1251 iij.
719 1187 822 1234 idus
849 1185 1022 1250 Aprilis
1051 1184 1190 1250 [Apr.
1222 1184 1322 1248 ll],
1346 1184 1457 1232 luna
1482 1185 1591 1240 xix„
1616 1184 1778 1231 audita
1802 1185 1905 1231 sunt
1928 1183 2148 1232 tonitrua.

628 1266 705 1330 vij.
731 1264 956 1312 kalendas
990 1263 1106 1328 Maij
1138 1263 1278 1328 [Apr.
1304 1262 1388 1327 25]
1419 1263 1587 1311 cecidit
1617 1262 1696 1310 nix
1729 1263 1931 1310 intanta
1963 1263 2226 1327 quantitate
2258 1263 2385 1328 quod
2410 1264 2484 1311 vix

564 1361 656 1392 non
681 1343 944 1392 videntibus
967 1342 1099 1407 poffit
1122 1342 1402 1407 persuaderi.

630 1423 689 1487 vj.
716 1423 818 1470 idus
839 1421 955 1486 Maij
988 1421 1128 1486 [Maij
1157 1421 1236 1485 10]
1265 1420 1380 1468 obiit
1403 1419 1669 1468 Willelmus
1690 1419 1932 1474 Blesenfis,
1957 1420 2202 1485 episcopus
2223 1419 2483 1469 Lincolnie.

633 1501 764 1548 Obiit
788 1517 944 1548 comes
971 1499 1157 1547 Arald.y

633 1579 763 1627 Obiit
782 1578 1013 1643 dompnus
1032 1577 1297 1626 Willelmus
1315 1578 1376 1625 ix.
1398 1576 1546 1625 abbas
1570 1576 1629 1624 de
1650 1575 1877 1639 Melros,†
1901 1575 1963 1640 vj.
1984 1575 2089 1624 idus
2113 1575 2242 1624 Junii
2262 1576 2394 1641 [Jun.
2413 1577 2484 1642 8].

631 1657 807 1705 Factus
832 1657 897 1704 est
922 1657 1152 1720 dompnus
1179 1656 1408 1703 Patricius
1432 1655 1644 1720 subprior
1668 1655 1728 1702 de
1754 1654 1933 1703 Melros
1958 1654 2106 1703 abbas
2130 1655 2338 1720 ejusdem
2360 1655 2467 1704 loci.

631 1737 771 1783 Anno
791 1735 999 1798 M.cc.vij.
1027 1734 1143 1782 obiit
1158 1734 1186 1782 J
1190 1734 1399 1782 ohannes
1422 1734 1669 1798 episcopus
1688 1734 1747 1781 de
1769 1732 2009 1788 Aberden,
2025 1733 2129 1798 post
2147 1750 2289 1799 quem
2308 1734 2488 1783 electus

566 1815 629 1861 est
656 1814 812 1861 Adam
837 1813 1031 1861 clericus
1055 1813 1178 1878 regis
1203 1812 1357 1861 dietus
1382 1812 1441 1860 de
1469 1812 1648 1860 Kald'.²

634 1893 765 1941 Obiit
789 1893 864 1956 pie
889 1892 1112 1939 memorie
1137 1892 1368 1956 dompnus
1395 1891 1626 1939 Patricius
1651 1908 1694 1939 x.
1721 1891 1869 1939 abbas
1894 1891 1953 1939 de
1974 1890 2169 1947 Melros,
2189 1891 2265 1940 cui
2282 1892 2488 1941 succeffit

570 1972 724 2019 Adam
748 1971 871 2035 prior
895 1970 1102 2034 ejusdem
1124 1969 1263 2032 loci.‡

634 2050 903 2097 Florencius
927 2049 1107 2096 electus
1135 2047 1451 2113 Glasguienfis
1478 2048 1669 2097 licentia
1693 2047 1884 2112 dompni
1915 2065 2039 2113 pape
2071 2065 2180 2098 cure
2213 2050 2292 2097 sue
2324 2066 2490 2097 renun-

568 2129 721 2175 ciavit.

637 2206 902 2254 Willelmus
920 2206 1162 2270 episcopus
1180 2206 1328 2253 sancti
1347 2205 1536 2254 Andree
1556 2207 1603 2253 in
1621 2206 1934 2254 transmarinis
1952 2205 2162 2270 partibus
2181 2214 2388 2254 moratus
2406 2207 2487 2253 est.

636 2284 866 2331 Ranulfus
890 2284 949 2331 de
980 2284 1115 2331 Sules
1140 2284 1316 2331 occisus
1340 2284 1407 2332 est
1431 2284 1476 2331 in
1502 2284 1641 2332 domo
1667 2301 1694 2331 a
1719 2284 1981 2332 domesticis
2006 2285 2124 2333 suas.

637 2362 893 2410 Combusta
917 2362 982 2410 est
1006 2379 1180 2427 magna
1203 2380 1310 2427 pars
1336 2362 1640 2411 Rokesburch
1666 2364 2030 2411 accidentaliter.
2108 2387 2117 2396 ν

637 2441 874 2489 Walterus
898 2441 1167 2505 capellanus
1192 2441 1383 2506 dompni
1408 2442 1532 2507 regis
1556 2442 1737 2490 electus
1761 2443 1827 2491 est
1851 2443 1898 2490 in
1923 2443 2193 2507 episcopum
2213 2442 2490 2507 Glasguien-

568 2521 676 2573 sem,
702 2536 743 2566 v.
769 2519 872 2567 idus
900 2519 1185 2567 Decembris·
1205 2520 1353 2584 [Dec.
1380 2521 1451 2585 9].

634 2597 866 2661 Apparuit
890 2599 1086 2663 angelus
1110 2598 1296 2646 cuidam
1320 2600 1483 2647 sanGto
1502 2599 1743 2654 heremite,
1764 2607 1810 2648 et
1835 2600 1950 2647 dixit
1969 2601 2013 2648 ei
2029 2600 2132 2648 haec
2151 2599 2324 2648 verba:
2357 2599 2492 2648 “Ex-

567 2675 782 2723 citabitur
822 2676 1063 2724 Romanus
1087 2685 1249 2726 contra
1276 2677 1559 2734 Romanum,
1591 2686 1639 2726 et
1665 2677 1907 2726 Romanus
1944 2678 2160 2727 Romano
2197 2678 2494 2728 substituetur

571 2754 733 2802 Rome.
799 2754 965 2803 Novus
989 2773 1102 2820 grex
1125 2757 1305 2820 semper
1330 2757 1390 2804 ad
1414 2757 1659 2805 tumulum.
1724 2757 2066 2805 Allevabuntur
2088 2757 2218 2823 virge
2242 2757 2492 2822 pastorum,

626 2882 645 2894 '
673 2884 827 2923 Ger-vase,
848 2883 913 2917 col.
938 2886 1036 2923 1683,
1065 2895 1182 2929 agrees
1199 2885 1285 2919 with
1301 2885 1372 2920 this
1390 2886 1483 2926 date,
1504 2884 1673 2931 although
1696 2886 1841 2921 modern
1858 2886 2064 2922 authorities
2081 2893 2172 2922 state
2188 2886 2267 2921 that
2288 2886 2334 2921 he
2350 2886 2431 2922 died
2446 2897 2493 2920 on

567 2937 626 2971 the
645 2938 730 2971 29th
748 2938 851 2972 June.
1043 2938 1059 2953 ¹
1088 2939 1167 2974 The
1184 2940 1324 2985 reading
1340 2940 1383 2974 of
1392 2940 1454 2975 the
1475 2941 1554 2975 MS.
1573 2941 1609 2975 in
1626 2941 1745 2986 regar-d
1761 2947 1799 2976 to
1815 2941 1885 2977 this
1902 2953 2004 2977 name
2020 2942 2050 2976 is
2067 2941 2239 2982 doubtful,
2258 2942 2322 2976 but
2336 2941 2365 2976 it
2379 2951 2492 2975 seems

570 2991 683 3025 rather
703 2993 798 3026 Caue
814 2993 899 3026 than
921 2993 1027 3028 Cane.
1082 2994 1122 3028 In
1141 2995 1291 3030 Fordun.
1311 2995 1333 3029 i.
1351 2998 1434 3036 520,
1454 2995 1481 3030 it
1498 2996 1526 3030 is
1542 2995 1680 3041 printed
1699 2996 1813 3031 Kane.
1998 2996 2013 3016 ’
2042 2996 2074 3032 It
2090 2997 2119 3032 is
2137 2996 2318 3031 uncertain
2333 2994 2493 3030 whether

565 3045 633 3079 this
651 3057 720 3080 was
740 3047 883 3087 Harold,
904 3048 973 3082 earl
990 3048 1032 3083 of
1045 3048 1250 3090 Caithness3
1277 3061 1439 3096 compare
1459 3051 1608 3092 Fordun,
1627 3051 1650 3085 i.
1669 3053 1739 3085 512
1764 3051 1834 3086 and
1856 3054 1939 3086 516.
2147 3050 2161 3065 “
2191 3050 2279 3086 This
2302 3049 2492 3084 individua]

566 3111 676 3134 seems
693 3107 731 3134 to
748 3100 837 3135 have
854 3102 943 3136 been
968 3114 990 3137 a
1012 3103 1129 3138 native
1154 3103 1196 3138 of
1213 3116 1310 3140 some
1334 3104 1377 3139 of
1394 3105 1455 3140 the
1480 3105 1597 3152 places
1621 3106 1657 3140 in
1682 3105 1848 3142 Scotland
1872 3105 1999 3141 named
2018 3104 2152 3146 Calder,
2179 3103 2348 3150 probably
2370 3103 2413 3139 of
2428 3103 2491 3139 the

565 3153 680 3198 parish
697 3154 845 3190 situated
861 3156 896 3190 in
916 3157 1035 3192 Nairn.
1088 3159 1236 3200 For-dun,
1255 3159 1279 3194 i.
1297 3161 1379 3201 521,
1399 3159 1482 3195 calls
1499 3159 1570 3194 him
1589 3159 1646 3195 De
1665 3161 1789 3202 Carail,
1808 3160 1924 3196 which
1940 3161 1970 3195 is
1990 3159 2082 3195 Crail
2096 3158 2236 3196 inrife.
2412 3161 2429 3178 ‘
2449 3158 2490 3193 In

568 3207 629 3242 the
644 3209 786 3253 margin,
807 3215 829 3229 ‘⁴
844 3211 948 3245 abbas
965 3212 1008 3246 de
1027 3212 1202 3247 Kelchou.
1219 3214 1287 3259 vj.”
1472 3215 1492 3258 †
1510 3214 1552 3249 In
1569 3214 1631 3250 red
1645 3214 1765 3251 letters
1783 3226 1830 3250 on
1842 3215 1905 3250 the
1914 3213 2056 3260 margin,
2090 3218 2115 3234 “
2126 3213 2232 3249 abbas
2245 3212 2289 3249 de
2305 3212 2491 3249 Melrose.”

566 3264 585 3306 ss
605 3262 661 3297 On
679 3263 739 3297 the
757 3264 885 3309 margin
903 3265 937 3299 in
955 3266 1026 3306 red,
1057 3272 1080 3287 “
1092 3268 1199 3303 abbas
1216 3267 1260 3303 de
1281 3267 1445 3304 Melrose.
1464 3269 1534 3314 xj.”
2355 3295 2361 3301 -

2563 1751 2622 1786 fol.
2643 1752 2699 1788 27.
