2904 3886
200 1947 259 1982 fol.
281 1951 337 1986 73,

423 509 559 560 A.D.
591 509 735 564 1269.
905 506 1327 557 CHRONICA
1370 505 1473 556 DE
1524 505 1908 557 MAILROS.
2278 513 2375 565 217

422 648 641 699 Atholie⁵
673 649 722 699 in
752 649 832 698 illa
863 647 1272 715 peregrinacione.
1348 646 1575 697 Succeflit
1601 646 1859 697 Lodowico
1884 647 1932 697 in
1963 664 2164 714 regnum
2200 648 2375 714 Philip-

419 733 532 796 pust
554 731 677 780 filius
701 730 822 796 ejus.

487 811 622 861 Obiit
648 810 854 860 Albinus
877 810 1126 877 episcopus
1153 807 1496 864 Brechinenfis,
1520 808 1598 858 cui
1621 808 1831 858 succeflit
1854 809 2001 858 frater
2023 808 2294 860 Willelmus
2313 809 2373 859 de

420 891 722 948 Kilconcath,
746 891 902 940 lestor
926 891 1125 939 fratrum
1149 888 1502 956 predicatorum
1525 888 1586 938 de
1613 889 1774 939 Perth.

486 971 717 1022 Piiffimus
755 971 1038 1020 Lodowicus
1073 986 1171 1026 rex,
1207 969 1344 1035 cujus
1379 976 1491 1018 ante
1525 970 1706 1018 mentio
1738 970 1806 1026 fit,
1841 970 1956 1019 fecit
1992 970 2108 1019 illud
2140 972 2374 1020 famosum

415 1052 752 1103 monasterium
771 1051 948 1100 ordinis
967 1050 1182 1100 Cistercii
1200 1049 1332 1116 quod
1348 1056 1546 1098 vocatur
1566 1049 1765 1115 Regalis
1782 1067 1935 1107 mons,
1954 1069 2051 1100 non
2076 1052 2375 1118 pofl'efliones

416 1151 548 1182 more
570 1133 879 1183 fundatorum
898 1132 1098 1180 aliorum
1123 1130 1513 1179 monasteriorum
1537 1129 1603 1178 illi
1627 1130 1856 1186 tribuens,
1875 1131 1956 1179 sed
1981 1141 2236 1198 perpetuas
2258 1133 2374 1182 libe-

415 1214 626 1262 rationes
646 1213 889 1268 frumenti,
913 1212 1025 1267 vini,
1051 1218 1099 1259 et
1123 1210 1337 1259 omnium
1362 1210 1561 1259 aliarum
1592 1227 1748 1259 rerum
1779 1211 2159 1269 necessariarum,
2185 1214 2233 1261 in
2256 1214 2374 1262 locis

415 1293 839 1360 congruentiflimis
862 1310 947 1359 per
970 1299 1302 1359 procuratores
1327 1290 1633 1340 securiffimos
1651 1292 1792 1340 certis
1809 1293 2103 1358 temporibus
2128 1295 2372 1343 annuatim

415 1374 762 1440 percipiendas,
788 1381 841 1422 ut
864 1373 1087 1421 monachi
1120 1372 1244 1421 illius
1275 1372 1370 1421 loci
1402 1372 1486 1420 soli
1521 1372 1630 1421 Deo
1654 1380 1825 1421 vacent
1856 1389 1941 1438 per
1965 1390 2155 1423 omnem
2178 1374 2372 1423 modum

417 1463 464 1504 et
489 1456 645 1505 seculo
670 1472 754 1521 per
776 1455 975 1502 nullum.

487 1536 631 1585 Ceffit
656 1536 875 1584 dominus
897 1534 1060 1599 Wydo
1086 1533 1238 1583 abbas
1263 1533 1324 1582 de
1349 1533 1402 1582 N
1404 1533 1583 1582 eubotil
1608 1534 1827 1599 regimini
1853 1533 2022 1583 domus
2046 1536 2142 1592 sue,
2169 1536 2244 1584 cui
2269 1553 2372 1601 pre-

416 1618 569 1665 ficitur
604 1617 824 1665 dominus
860 1615 1125 1663 Waldevus
1159 1614 1426 1663 monachus
1462 1614 1522 1662 de
1560 1613 1759 1670 Melros,
1795 1614 1875 1680 qui
1911 1615 2067 1663 fuerat
2103 1615 2371 1665 cellerarius

417 1698 627 1762 ejusdem
653 1697 837 1745 domus.

487 1777 620 1827 Obiit
649 1777 777 1826 Lora
803 1776 1034 1826 comitissa
1061 1775 1274 1832 Atholie,
1299 1776 1483 1841 sepulta
1507 1776 1635 1841 apud
1662 1775 1858 1824 Melros.

486 1858 619 1907 Obiit
644 1858 889 1907 Johannes
913 1857 973 1906 de
1001 1857 1228 1913 Balliolo;
1266 1857 1344 1905 hic
1369 1864 1554 1905 amator
1581 1856 1829 1905 scolarium
1852 1857 1968 1905 fecit
1992 1866 2183 1923 propter
2209 1858 2370 1907 Deum

416 1947 696 2005 perpetuam
726 1939 920 1987 domum
954 1938 1083 2004 apud
1111 1938 1401 1994 Oxoniam,¹¹
1432 1936 1646 1986 tribuens
1676 1936 1871 2003 singulis
1901 1954 1959 1986 ex
1994 1938 2085 1987 illis
2116 1939 2371 1988 scolaribus

416 2021 543 2068 omni
569 2020 840 2068 ebdomada
863 2019 960 2085 viij.
987 2019 1207 2067 denarios
1233 2018 1295 2067 ad
1320 2035 1622 2074 communem
1648 2035 1811 2066 eorum
1836 2019 2062 2067 mensam.

485 2100 570 2148 Est
594 2100 658 2149 ibi
684 2101 778 2149 alia
803 2100 973 2149 domus
997 2099 1247 2148 scolarium
1270 2099 1437 2147 melior
1462 2099 1558 2155 illa,
1585 2099 1666 2164 qui
1691 2099 1958 2164 percipiunt
1982 2099 2043 2147 ad
2068 2117 2371 2150 communam

417 2182 551 2230 suam
575 2182 656 2247 xij.
683 2181 903 2230 denarios
927 2197 1011 2246 per
1036 2179 1264 2228 circulum
1288 2180 1551 2245 septimane
1577 2179 1637 2227 de
1663 2179 1789 2227 dono
1809 2180 2016 2245 episcopi
2043 2179 2273 2229 Batenfis.

484 2262 628 2311 Anno
655 2261 852 2310 Domini
876 2261 1106 2313 M.cc.lxx.
1133 2260 1354 2309 dominus
1384 2259 1692 2316 Eduuardus,
1726 2260 2070 2326 primogenitus
2093 2261 2215 2310 filius
2247 2263 2372 2328 regis

417 2343 610 2410 Anglie,
629 2343 766 2391 miles
790 2342 916 2391 bello
936 2341 1241 2398 doetiffimus,
1267 2340 1574 2407 proficiscitur
1598 2340 1661 2389 ad
1685 2348 1860 2389 terram
1879 2342 2109 2390 sanctam.
2160 2342 2371 2392 Veniens

414 2431 574 2472 autem
597 2423 725 2478 illuc,
758 2429 970 2470 moratus
995 2422 1063 2470 est
1094 2421 1143 2470 in
1174 2422 1288 2469 turri
1315 2420 1607 2470 Acconenfis
1640 2421 1860 2477 civitatis,
1891 2438 1982 2470 nec
2013 2423 2167 2487 posuit
2197 2423 2370 2488 pedem

412 2511 545 2551 extra
569 2503 698 2551 illam
731 2503 972 2551 civitatem
1005 2501 1067 2549 ad
1100 2501 1295 2566 aliquod
1328 2501 1530 2549 arduum
1560 2501 1812 2566 negotium
1843 2502 2136 2558 faciendum,
2168 2503 2252 2551 nifi
2276 2520 2372 2552 una

412 2585 530 2639 vice,
556 2583 842 2649 precedente
868 2599 978 2631 eum
1002 2599 1098 2630 uno
1119 2581 1387 2630 Christiano
1413 2581 1712 2646 exploratore
1737 2581 1819 2647 qui
1845 2589 1945 2630 erat
1971 2582 2031 2631 de
2055 2583 2188 2631 secta
2216 2584 2370 2632 Sulia-

412 2681 596 2719 norum,
623 2663 704 2729 qui
727 2664 832 2711 sunt
855 2662 1110 2711 Christiani
1134 2662 1408 2711 habitantes
1433 2661 1564 2727 quafi
1588 2661 1821 2710 heremite
1845 2662 1969 2711 inter
1993 2663 2298 2721 Sarracenos,
2324 2674 2371 2713 et

412 2744 521 2792 ideo
545 2761 715 2810 pacem
740 2744 923 2809 semper
946 2742 1127 2791 habent
1151 2743 1275 2791 inter
1298 2742 1403 2791 illos
1427 2742 1542 2808 quia
1569 2742 1617 2791 in
1642 2742 1973 2792 solitudinibus
2003 2751 2268 2801 morantur3
2293 2762 2370 2794 ve-

411 2832 634 2873 nerantur
653 2824 779 2872 enim
804 2840 970 2872 omnes
995 2823 1246 2872 Sarraceni
1272 2830 1320 2872 et
1338 2823 1520 2889 pagani
1546 2839 1718 2872 omnes
1742 2823 1998 2872 heremitas
2015 2831 2207 2890 propter
2224 2824 2372 2874 hono-

412 2923 510 2955 rem
534 2905 684 2954 sane'ti
709 2904 901 2954 solitarii
925 2903 1159 2953 Johannis
1183 2903 1403 2969 baptiste,
1424 2921 1569 2970 quem
1597 2903 1707 2951 ideo
1732 2904 1915 2952 summa
1939 2921 2048 2952 cum
2066 2906 2372 2955 veneratione

412 2987 615 3053 diligunt
635 2994 682 3034 et
699 2986 934 3034 honorant
953 2984 1067 3050 quia
1084 2984 1501 3050 triumphaverunt
1525 2984 1572 3032 in
1593 2983 1670 3032 die
1688 2984 2032 3050 solempnitatis
2051 2985 2155 3051 ejus
2178 2986 2225 3035 in
2245 2985 2371 3036 bello

475 3159 487 3174 ¹
514 3160 573 3195 He
590 3159 672 3195 died
688 3165 725 3194 at
745 3158 929 3204 Carthage,
951 3158 1014 3194 6th
1032 3159 1182 3204 August.
1235 3159 1388 3200 Fordun,
1407 3158 1443 3194 ii.
1465 3161 1545 3194 101.
1693 3159 1704 3179 ‘
1727 3159 1844 3207 Philip
1860 3160 1930 3196 111.
1950 3161 2139 3197 surnamed
2150 3161 2214 3197 the
2234 3161 2368 3210 Har-dy,

413 3228 483 3251 was
500 3216 714 3262 proclaimed
730 3215 812 3261 king
829 3215 864 3250 in
882 3215 944 3250 the
961 3226 1063 3260 camp
1081 3215 1200 3250 before
1220 3215 1345 3257 Tunis‚
1365 3215 1454 3250 25th
1468 3215 1619 3261 August,
1642 3217 1744 3254 1270.
1893 3215 1910 3230 ¹¹
1933 3217 2001 3252 See
2021 3218 2172 3253 “Ballio
2188 3217 2315 3265 sergus,
2332 3231 2372 3256 or

409 3283 432 3306 a
448 3278 688 3319 commentary
704 3283 802 3318 upon
818 3271 881 3306 the
896 3270 1117 3312 foundation,
1137 3270 1316 3313 founders,
1337 3270 1407 3306 and
1422 3271 1540 3307 affairs
1559 3270 1601 3306 of
1614 3271 1737 3307 Ballio]
1761 3271 1914 3319 Collcge,
1931 3274 1994 3308 &c.
2014 3274 2061 3320 by
2081 3274 2205 3322 Henry
2224 3275 2369 3321 Savage,

416 3327 462 3363 D.
475 3327 537 3378 D.,
555 3329 719 3370 master‚'’
740 3329 857 3364 Oxon.
881 3330 984 3368 1668,
1004 3330 1079 3362 4to.

918 3388 1003 3433 212
