2852 3874
0 343 14 353 ‘³
0 191 22 332 εἴτι-μ.

0 571 3 579 «
0 501 3 516 <-
0 398 9 492 «πα-..ῃ
0 359 7 389 v-

12 555 20 569 »
8 516 18 538 4.,
11 474 21 505 ,,-
11 440 19 465 ,ι
13 387 19 422 -μ

3 3692 26 3767 ‘5¹:52'
2 3626 23 3683 2-„2‘
8 3567 15 3578 2⁴

23 3693 37 3716 '5
24 3587 27 3590 ,

420 462 552 514 Α.Ῐ).
578 468 690 513 883.
886 464 1302 516 CHRONICA
1345 466 1446 518 DE
1496 468 1876 520 MAILROS.
2274 480 2336 524 23

478 601 618 650 Tune
642 601 896 651 instaurata
919 603 986 652 est
1019 604 1152 654 sedes
1186 605 1234 653 in
1262 605 1599 655 Cuncacestreh
1619 624 1726 672 quae
1749 608 1876 673 prius
1899 608 2052 677 fuerat
2083 608 2131 657 in
2158 608 2336 660 Lindis-

407 681 574 729 farnia.

404 840 519 905 ligni
545 841 695 890 crucis
721 841 931 897 Domini,
959 841 1200 890 Alueredo
1232 843 1333 908 regi
1360 843 1626 908 Anglorum
1654 844 1788 901 mifit,
1827 854 1875 894 et
1911 862 1996 911 pro
2033 847 2136 912 ejus
2174 864 2334 896 amore

402 919 577 967 scolam
606 920 849 968 Saxonum
873 919 933 967 ab
958 920 1085 967 omni
1109 920 1284 968 tributo
1309 929 1357 970 et
1379 921 1570 970 thelone
1593 922 1825 971 liberavit.

471 997 614 1046 Anno
639 998 930 1046 Dccc.lxxxv.
967 998 1262 1063 supradictus
1285 1016 1582 1064 paganorum
1605 1002 1836 1050 exereitus
1860 1002 2029 1052 divisus
2047 1005 2116 1052 est
2148 1006 2196 1053 in
2215 1006 2332 1055 duas

401 1084 574 1142 partes,
599 1093 800 1140 quarum
824 1092 919 1124 una
950 1077 997 1124 in
1022 1077 1298 1125 orientalem
1333 1078 1509 1126 seceffit
1534 1078 1800 1135 Franciam,
1837 1081 1985 1129 altera
2019 1083 2066 1129 in
2106 1082 2331 1148 Angliam

399 1155 585 1204 rediens
611 1154 990 1204 Rouecestriamk
1013 1156 1209 1212 obsedit,
1226 1173 1370 1221 quam
1394 1174 1475 1206 rex
1501 1157 1769 1207 Alueredus
1793 1159 1853 1206 ab
1878 1159 2118 1209 obfidione
2143 1162 2330 1226 dejecit.

400 1234 528 1282 Mifit
552 1251 633 1283 rex
659 1234 927 1283 Alueredus
960 1235 1177 1284 navalem
1201 1237 1458 1285 exercitum
1494 1236 1555 1284 ad
1579 1236 1896 1286 defenfionem
1939 1238 2211 1305 Estangliae,
2251 1241 2331 1289 ubi

397 1331 542 1362 naves
566 1314 790 1379 pyraticae
814 1315 906 1379 xvj.
932 1315 1134 1363 inventae
1157 1315 1262 1363 sunt
1286 1323 1334 1364 et
1358 1317 1706 1381 comprehensae
1746 1317 1794 1364 in
1836 1317 2171 1366 Sturemutha.l
2240 1319 2331 1368 Re-

398 1393 597 1442 deuntes
621 1411 731 1442 vero
755 1410 930 1459 magno
955 1395 1179 1443 exercitui
1198 1412 1494 1460 paganorum
1513 1395 1777 1452 obviarunt,
1797 1404 1844 1445 et
1863 1413 1971 1445 cum
1995 1398 2062 1446 eis
2087 1399 2328 1464 congressi,

397 1473 510 1521 victi
534 1474 689 1521 sunt.m

463 1551 650 1601 Eodem
675 1569 798 1601 anno
826 1552 1030 1601 Karolus
1054 1570 1135 1601 rex
1172 1553 1461 1601 Francorum
1490 1554 1537 1601 in
1562 1555 1811 1603 venatione
1841 1556 1940 1620 apri
1965 1555 2184 1605 dentibus
2207 1558 2328 1606 lace-

396 1639 538 1687 ratur,
564 1632 644 1696 qui
683 1631 928 1680 Ludovico
951 1632 1082 1679 fratri
1107 1633 1187 1680 suo
1223 1632 1518 1688 succederat3
1555 1641 1655 1680 erat
1691 1641 1850 1682 autem
1878 1642 2012 1699 pater
2043 1652 2205 1683 eorum
2232 1636 2326 1684 Lu-

396 1710 589 1759 dovicus
612 1711 756 1759 frater
780 1710 809 1759 J
813 1710 987 1758 udithae
1011 1711 1188 1775 reginae
1212 1727 1355 1775 quam
1379 1728 1460 1760 rex
1487 1711 1750 1760 Abelwlfus
1774 1713 2010 1761 duxerat.¹¹

464 1790 597 1838 Obiit
622 1789 838 1837 Marinus
862 1806 1003 1854 papa.

462 1869 605 1916 Anno
631 1868 940 1932 Dccc.lxxxvj.
966 1885 1262 1933 paganorum
1297 1869 1529 1917 exercitus
1565 1869 1625 1918 de
1661 1870 1875 1918 orientali
1902 1870 2103 1919 Francia
2131 1873 2177 1919 in
2202 1875 2323 1921 occi-

393 1947 632 1996 dentalem
655 1947 808 2002 rediit,
839 1954 886 1995 et
920 1964 1003 2011 per
1038 1947 1212 1995 flumen
1261 1947 1519 1995 Secanum⁰
1542 1949 1754 2013 pervenit
1785 1948 2001 2005 Parifius,
2026 1957 2074 1998 et
2109 1950 2324 2000 obfidens

378 2027 631 2089 ‚civitatem
657 2043 781 2074 anno
806 2043 901 2074 uno
924 2026 1068 2074 nichil
1092 2026 1353 2091 praevaluit.

460 2105 565 2154 Rex
591 2106 858 2154 Alueredus
886 2104 1188 2153 Lundoniam
1212 2105 1428 2154 obfidens
1464 2106 1604 2171 cepit,
1639 2106 1936 2156 venientibus
1961 2107 2022 2155 ad
2057 2124 2166 2156 eum
2193 2109 2324 2175 Ang-

391 2186 448 2234 lis
473 2193 520 2233 et
544 2185 838 2251 fugientibus
875 2185 1039 2240 Dacis,
1077 2185 1157 2249 qui
1195 2184 1469 2234 E>6elredo1³
1506 2185 1797 2234 Merciorum
1833 2187 1994 2235 comiti
2018 2187 2324 2236 restauratam

392 2265 740 2313 commendavit
765 2264 1022 2312 civitatem.

461 2345 604 2392 Anno
643 2344 969 2408 Dccc.lxxxvij.
1001 2361 1297 2410 paganorum
1340 2344 1587 2399 exercitus,
1615 2344 1816 2393 Parifius
1847 2344 2079 2401 deserens,
2123 2346 2205 2394 ivit
2240 2363 2323 2410 per

398 2424 664 2471 Secanumq
686 2424 833 2487 usque
858 2423 919 2470 ad
944 2423 1183 2478 Marnam,
1207 2423 1317 2472 inde
1342 2423 1403 2472 ad
1431 2423 1627 2478 Caedzi,
1652 2423 1733 2471 ubi
1757 2440 1840 2488 per
1865 2440 2040 2471 annum
2064 2424 2321 2489 grassantes

393 2501 560 2549 ostium
597 2502 799 2550 fluminis
827 2501 990 2550 Iorna¹
1026 2503 1331 2559 intraverunt,
1372 2502 1532 2567 ibique
1569 2520 1652 2567 per
1690 2519 1865 2550 annum
1902 2519 2078 2568 magno
2116 2503 2321 2569 regionis

393 2581 599 2645 dampno
623 2581 791 2629 morati
815 2581 934 2629 sunt.

437 2725 454 2745 ¹¹
477 2725 822 2765 Chester-le-Street,
844 2725 896 2759 six
912 2725 1010 2760 miles
1027 2731 1065 2760 to
1082 2725 1144 2761 the
1161 2726 1266 2761 north
1283 2725 1325 2761 of
1337 2726 1508 2761 Durham.
1559 2728 1596 2761 S.
1615 2727 1779 2761 Dunelm.
1799 2727 1865 2762 col.
1889 2727 1967 2764 147.
2113 2726 2122 2745 ¹
2145 2725 2222 2760 The
2240 2727 2320 2760 Sax.

397 2782 516 2816 Chron.
535 2781 652 2826 places
669 2780 738 2814 this
756 2787 861 2815 event
878 2792 899 2815 a
914 2793 997 2826 year
1013 2792 1140 2815 sooner
1153 2796 1162 2821 ;
1180 2782 1245 2816 but
1258 2783 1390 2816 Simeon
1402 2781 1544 2816 informs
1558 2793 1610 2822 uS,
1626 2782 1704 2816 that
1716 2782 1743 2816 it
1755 2781 1841 2816 took
1853 2781 1952 2827 place
1962 2780 2194 2826 immediately
2206 2780 2323 2815 before

389 2836 451 2870 the
469 2835 575 2870 death
592 2835 634 2870 of
643 2835 705 2870 the
720 2836 830 2881 Pope,
851 2835 967 2870 which
984 2847 1037 2870 we
1054 2836 1159 2871 know
1176 2835 1364 2882 happened
1380 2837 1416 2870 in
1440 2839 1523 2871 884.
1577 2837 1656 2871 The
1684 2836 1898 2881 chronology
1913 2837 1942 2870 is
1972 2835 2146 2870 therefore
2176 2842 2320 2870 correct.

390 2890 405 2910 ¹‘
427 2891 633 2925 Rochester.
765 2890 775 2911 ¹
798 2890 848 2924 At
867 2890 1046 2925 Harwich.
1192 2889 1217 2905 ¹¹¹
1236 2890 1293 2925 He
1310 2891 1390 2925 died
1406 2902 1502 2935 upon
1519 2890 1582 2925 the
1598 2891 1662 2925 6th
1681 2891 1887 2930 December,
1914 2892 1997 2924 884.
2055 2891 2176 2936 Velley,
2195 2890 2218 2924 i.
2241 2893 2319 2924 160.

390 2945 407 2960 ¹¹
429 2946 496 2981 See
513 2953 596 2981 note
615 2946 638 2981 ¹.
752 2945 768 2960 ⁰
790 2951 813 2966 “
828 2946 895 2981 Per
910 2945 1041 2980 flumen
1061 2946 1268 2993 Sequanae.”
1317 2947 1354 2980 S.
1372 2947 1535 2980 Dunelm.
1555 2946 1621 2980 col.
1645 2949 1723 2981 150.
1829 2944 1844 2964 Ρ
1862 2945 2022 2980 AEthred.
2074 2946 2154 2979 Sax.
2176 2945 2295 2979 Chron.
2308 2960 2322 2983 ;

390 3002 427 3036 S.
441 3002 604 3036 Dunelm.
624 3001 690 3036 col.
705 3003 791 3036 148.
808 3015 817 3040 ;
846 3001 1049 3042 Ethelredo,
1069 3001 1136 3036 col.
1158 3003 1237 3035 131.
1478 3000 1494 3021 ‘¹
1516 3005 1540 3020 “
1556 3001 1623 3035 Per
1650 3001 1848 3046 Sequanam
1866 3012 1978 3046 usque
1994 3000 2111 3035 locum
2128 2999 2187 3045 qui
2209 2999 2322 3035 Caziei

390 3056 548 3092 dicitur.”
622 3058 658 3091 S.
670 3057 832 3091 Dunelm.
852 3056 918 3091 col.
941 3059 1029 3096 1503
1059 3061 1083 3076 “
1095 3056 1192 3091 venit
1208 3056 1253 3090 ad
1273 3056 1408 3101 Sigene,
1431 3055 1556 3090 deinde
1573 3056 1618 3091 ad
1635 3056 1789 3090 hostium
1806 3055 1956 3090 fluminis
1974 3055 2070 3101 quod
2090 3055 2242 3090 Materre
2259 3066 2323 3089 no-

391 3112 552 3153 minatur,
572 3111 699 3147 exhinc
715 3111 760 3146 ad
775 3111 891 3146 locum
908 3112 967 3157 qui
988 3111 1181 3146 Cazendest
1198 3111 1279 3146 villa
1294 3112 1387 3156 regia
1402 3112 1671 3156 pervenerunt‚'’
1690 3111 1756 3145 col.
1780 3113 1858 3145 131.
1906 3110 2030 3145 Marne
2043 3110 2072 3144 is
2085 3110 2147 3145 the
2159 3122 2263 3145 name
2281 3109 2323 3144 of

389 3179 411 3201 a
426 3167 516 3202 river
532 3167 567 3202 in
587 3167 730 3208 France,
750 3167 820 3202 and
840 3167 964 3202 Caedzi
981 3167 1009 3201 is
1026 3179 1108 3201 now
1129 3166 1264 3212 Chezy;
1283 3166 1429 3202 whence
1446 3179 1499 3202 we
1516 3179 1596 3214 may
1613 3167 1812 3212 conjecture
1824 3166 1902 3200 that
1914 3165 1976 3200 the
1989 3166 2129 3211 reading
2148 3171 2170 3186 ‘⁶
2188 3166 2320 3202 Cazen·

389 3222 487 3257 dest'’
503 3223 532 3257 is
550 3234 594 3257 an
612 3234 800 3258 erroneous
817 3234 886 3258 one
902 3222 955 3258 for
974 3229 996 3245 “
1012 3223 1125 3264 Cazei‚
1143 3223 1180 3258 id
1195 3229 1260 3263 est,
1275 3222 1386 3263 villa,”
1404 3229 1471 3258 etc.
1631 3222 1644 3237 ¹
1664 3222 1761 3263 Iona,
1782 3223 1862 3257 Sax.
1875 3222 2007 3263 Chron„
2027 3223 2063 3257 S.
2076 3222 2236 3257 Dunelm.
2257 3220 2323 3257 col.

384 3280 485 3318 131.;
519 3277 617 3318 Iona,
636 3278 703 3313 col.
726 3280 805 3313 150.
