2846 3874
572 437 661 521 136
1019 467 1442 519 cHRoNrcA
1484 465 1585 517 DE
1635 463 2022 517 MAILssos.
2182 468 2315 519 An.
2357 473 2498 526 1219.

565 611 745 659 noverit
769 609 997 674 dignatio,
1029 607 1159 672 quod
1187 606 1502 671 Omnipotens
1529 605 1764 654 Dominus
1788 605 2014 654 exercitui
2033 605 2300 656 Christiano
2323 607 2405 657 diu
2433 610 2504 658 fa-

565 691 716 755 tigato
741 689 996 737 clementer
1019 686 1248 742 misertus,
1269 685 1545 733 Damietam
1569 685 1809 733 civitatem
1831 684 1926 734 fine
1949 685 2132 734 inflictu
2155 685 2400 735 vulnerum
2423 695 2505 736 aut

566 785 742 833 pugna,
774 765 1047 814 mirabiliter
1081 782 1164 830 per
1194 765 1385 830 pietatis
1417 765 1497 812 sue
1528 764 1731 830 gratiam
1756 764 1971 813 exulibus
2002 764 2095 813 suis
2125 765 2332 822 tradidit,
2357 765 2424 814 ita
2454 774 2507 815 ut

564 847 734 895 nullius
758 846 934 894 meritis
965 845 1045 894 sed
1076 846 1156 894 sue
1189 843 1482 892 solummodo
1513 843 1642 892 laudi
1674 843 1808 909 poffit
1831 843 1906 892 vel
1938 843 2113 893 debeat
2145 844 2351 893 attribui.
2427 845 2507 895 Sic

561 934 726 974 autem
756 925 978 973 noveritis
1002 924 1141 990 ipfius
1168 924 1262 972 Dei
1294 924 1660 972 misericordiam
1684 924 1925 973 evidenter
1949 941 2034 989 pro
2057 923 2194 972 nobis
2217 924 2266 972 in
2297 925 2378 973 illa
2400 925 2510 974 civi-

565 1013 663 1053 tate
688 1013 950 1070 operatam.
1006 1004 1166 1052 Tanta
1185 1003 1414 1068 fiquidem
1437 1004 1698 1052 mortalitas
1716 1003 1961 1051 hominum
1984 1004 2031 1052 in
2051 1021 2109 1052 ea
2127 1003 2326 1060 emersit,
2345 1012 2397 1053 ut
2420 1021 2510 1054 nec

566 1085 820 1133 morientes
843 1084 1029 1132 tradere
1053 1083 1289 1149 sepulture
1314 1083 1594 1132 sufficerent.
1653 1082 1937 1148 Superstites
1961 1083 2087 1131 enim
2110 1083 2205 1132 vite
2230 1083 2509 1133 infirmitatis

566 1164 777 1212 molestia
809 1164 940 1229 gravi
971 1163 1269 1219 laborabant,
1302 1163 1368 1211 ita
1392 1163 1521 1228 quod
1546 1179 1654 1210 cum
1685 1163 1832 1227 ipsam
1857 1163 2096 1211 civitatem
2124 1164 2274 1228 primo
2298 1163 2509 1212 transire-

566 1260 686 1298 mus,
706 1244 810 1308 plus
829 1260 972 1307 quam
991 1243 1080 1290 tria
1097 1259 1152 1291 M.
1172 1250 1463 1290 mortuorum
1482 1242 1745 1290 invenimus
1763 1243 1810 1290 in
1829 1259 1903 1297 ea,
1919 1258 2049 1290 more
2069 1259 2256 1298 canum,
2276 1243 2323 1290 in
2341 1243 2511 1308 plateis

561 1323 738 1386 jacere.
812 1322 1043 1371 Homines
1073 1321 1301 1386 siquidem
1332 1321 1474 1369 nostri
1499 1322 1624 1370 circa
1654 1321 1810 1369 medie
1842 1322 1998 1370 n06³cis
2029 1321 2276 1378 silentium,
2302 1322 2508 1378 consilio,

569 1410 620 1449 ut
645 1401 893 1457 credimus,
926 1401 1223 1466 quorundam
1255 1401 1315 1449 de
1348 1401 1554 1456 civitate,
1579 1400 1817 1448 intromiffi
1845 1401 2051 1456 fuerunt,
2076 1409 2124 1449 et
2153 1401 2342 1466 legatus
2372 1401 2510 1450 miflis

568 1482 751 1530 nunciis
788 1482 879 1529 suis
916 1489 1066 1529 turres
1104 1488 1151 1529 et
1188 1480 1402 1528 homines
1437 1480 1615 1544 perfide
1650 1480 1806 1544 gentis
1837 1480 2090 1544 captivavit
2123 1481 2509 1544 quamplurimos.

571 1560 667 1608 Alii
691 1561 824 1608 multi
850 1560 1156 1608 ascendentes
1179 1559 1403 1607 forciores
1426 1566 1594 1613 turres,
1620 1575 1788 1606 aurora
1811 1559 2000 1607 lucente
2029 1559 2077 1606 in
2102 1559 2170 1607 eis
2194 1558 2511 1624 prestolaban-

568 1647 655 1687 tur.
728 1638 907 1686 Exorta
939 1639 1167 1703 fiquidem
1201 1638 1308 1686 luce
1342 1654 1575 1685 nonarum
1608 1637 1953 1685 Novembrium
1983 1637 2131 1703 [Nov.
2163 1638 2234 1703 5]‚
2267 1654 2432 1687 omnes
2466 1640 2514 1687 se

570 1718 779 1783 captivos
800 1718 1025 1766 Saraceni
1047 1718 1322 1766 Damietam
1341 1717 1587 1773 dederunt,
1608 1724 1656 1765 et
1680 1717 1918 1765 civitatem
1936 1718 2142 1766 totaliter
2166 1718 2213 1765 in
2232 1718 2511 1783 potestatem

574 1797 959 1854 Christianorum,
979 1798 1193 1862 quamvis
1216 1798 1363 1853 inviti,
1382 1797 1690 1845 tradiderunt.
1743 1797 1796 1844 In
1821 1797 1970 1862 primo
1989 1814 2099 1845 vero
2123 1804 2256 1845 motu
2281 1798 2512 1862 captionis

572 1878 788 1933 civitatis,
816 1878 950 1925 multi
982 1894 1190 1941 nequam
1222 1877 1436 1926 homines
1469 1884 1768 1924 accurrentes
1800 1877 2029 1925 infinitam
2061 1877 2312 1941 pecuniam
2343 1878 2512 1925 furtive

570 1957 911 2005 subtraxerunt.
984 1957 1183 2004 Domini
1222 1964 1381 2004 autem
1414 1956 1645 2004 exercitus
1677 1955 1890 2004 videntes
1922 1972 2015 2020 que
2045 1956 2178 2004 facta
2208 1957 2399 2004 fuerunt
2429 1973 2513 2020 per

575 2037 750 2091 Deum,
792 2036 1046 2084 coadunati
1085 2035 1322 2083 communi
1362 2034 1550 2083 consilio
1588 2051 1777 2083 omnem
1817 2036 2067 2099 pecuniam
2106 2035 2206 2082 auri
2244 2043 2291 2082 et
2329 2036 2512 2100 argenti

573 2116 881 2163 communiter
906 2131 1198 2179 congregare
1224 2114 1547 2169 decreverunt,
1577 2121 1624 2162 et
1649 2130 1812 2162 omnes
1836 2114 1917 2178 qui
1950 2113 2158 2178 aliquam
2189 2122 2371 2178 partem
2403 2114 2512 2161 inde

574 2195 896 2242 subtraxerant
927 2194 1144 2242 dominus
1175 2194 1362 2258 legatus
1393 2193 1580 2241 vinculo
1613 2193 2111 2241 excommunicationis
2142 2193 2399 2248 innodavit,
2431 2193 2514 2241 nifi

573 2273 886 2338 resipiscerent
920 2273 1221 2321 restituendo.
1299 2274 1543 2321 Summam
1567 2289 1677 2320 vero
1713 2273 1915 2338 pecunie
1939 2272 2072 2320 vobis
2103 2272 2302 2320 scribere
2328 2273 2513 2338 ignora-

575 2370 693 2407 mus,
732 2353 844 2417 quia
884 2369 979 2400 non
1014 2353 1126 2400 dum
1163 2353 1366 2417 pecunia
1407 2359 1700 2417 congregata
1739 2352 1828 2400 fuit
1869 2352 2060 2416 quando
2096 2353 2297 2416 praesens
2337 2352 2514 2417 pagina

574 2432 741 2496 scripta
764 2432 869 2487 fuit,
895 2432 975 2480 sed
998 2431 1113 2480 ficut
1137 2432 1310 2496 captivi
1335 2431 1562 2479 Saraceni
1585 2431 1720 2479 nobis
1745 2431 1922 2486 dicunt,
1943 2438 1990 2479 et
2014 2431 2096 2495 ipfi
2120 2431 2335 2486 vidimus,
2360 2431 2513 2479 inesti-

575 2511 759 2559 mabilis
782 2511 1026 2559 thesaurus
1057 2511 1105 2558 in
1130 2528 1188 2559 ea
1220 2511 1436 2559 inventus
1462 2511 1544 2566 est,
1577 2511 1657 2575 qui
1690 2510 1964 2559 secundum.
1983 2510 2225 2558 arbitrium
2257 2511 2514 2559 communi·

574 2591 683 2638 tatis
699 2591 931 2638 exercitus
950 2590 1159 2638 distribui
1179 2590 1336 2638 debet.
1384 2590 1630 2638 Timemus
1649 2597 1809 2638 autem
1828 2590 1956 2654 quod
1976 2607 2106 2637 amor
2124 2590 2324 2655 pecunie
2342 2590 2514 2638 multas

574 2671 717 2718 faciet
748 2672 875 2719 fures
906 2687 1196 2735 permanere.
1273 2670 1445 2718 Sciatis
1477 2678 1637 2718 autem
1672 2669 1802 2734 quod
1837 2677 1948 2717 ante
1980 2669 2249 2734 captionem
2275 2669 2514 2724 Damiete,

574 2749 637 2796 illi
673 2749 732 2797 de
768 2750 958 2798 civitate
992 2750 1348 2805 nunciaverunt,
1384 2749 1513 2814 quod
1544 2749 1717 2798 viribus
1749 2749 2021 2797 adnichilati
2052 2749 2246 2797 ulterius
2278 2749 2514 2797 civitatem

575 2830 773 2878 retinere
804 2846 899 2877 non
924 2837 1193 2894 potuerunt.
1270 2829 1507 2878 Soldanus
1531 2836 1692 2877 autem
1720 2836 1772 2876 ut
1805 2829 1984 2877 amicus
2010 2828 2234 2876 Damiete
2258 2828 2513 2882 condoluit,

576 2916 622 2954 et
654 2909 721 2957 eis
753 2910 1019 2957 succurrere
1051 2909 1229 2964 volens,
1262 2909 1419 2974 plures
1452 2909 1640 2956 suorum
1674 2908 1883 2973 periculo
1916 2907 2142 2972 exposuit.
2216 2907 2514 2972 Quingentos

576 2987 699 3034 enim
723 2988 845 3036 viros
869 2987 928 3036 de
954 2988 1163 3036 exercitu
1187 2989 1268 3036 suo
1293 2988 1511 3036 meliores
1535 2987 1695 3053 elegit,
1721 2994 1769 3036 et
1793 2986 1979 3035 duobus
2003 2985 2170 3034 diebus
2202 2992 2312 3033 ante
2335 2983 2512 3048 captio-

576 3081 686 3112 nem
709 3066 909 3114 civitatis
942 3067 1166 3115 Damiete
1198 3067 1370 3115 intrare
1402 3067 1550 3132 ipsam
1581 3067 1820 3115 civitatem
1850 3065 1984 3114 mifit.
2058 3064 2153 3120 Qui
2181 3062 2422 3111 venientes
2453 3061 2512 3110 de

578 3143 786 3191 exercitu
810 3145 1019 3201 Soldani‚
1039 3146 1295 3194 exercitum
1319 3145 1527 3194 nostrum
1551 3145 1679 3211 apud
1702 3144 1971 3193 machinam
1987 3141 2136 3192 sanfiti
2154 3139 2399 3196 Johannis,
2418 3157 2512 3205 que

581 3219 885 3270 Trebucheta
902 3223 1086 3279 dicitur,
1106 3225 1277 3273 intrare
1295 3224 1542 3272 volebant:
1573 3223 1655 3272 sed
1673 3223 1830 3272 divina
1847 3222 2002 3288 gratia
2024 3237 2107 3270 eos
2125 3236 2278 3269 errare
2297 3219 2514 3285 copulit.¹²

1418 3342 1436 3358 ‘¹
1458 3341 1662 3389 Compulit?
