2852 3874
170 1559 230 1593 fol.
248 1562 302 1594 16.

402 450 534 502 A2D.
566 454 707 500 1102.
871 450 1293 502 CHRONICA
1335 451 1437 501 DE
1485 451 1871 502 MAILROS.
2266 456 2330 505 63

469 589 601 639 Ordo
629 588 896 638 Tironenfis
920 589 1045 654 cepit
1068 605 1152 654 per
1175 588 1398 638 abbatem
1423 589 1756 647 Benedictum,
1792 590 1920 656 apud
1942 598 2077 641 vetus
2103 591 2328 641 Tironem

400 670 452 717 in.
470 685 678 717 nemore.
1355 714 1366 720 ,

468 748 610 796 Anno
633 747 803 813 M.c.iij.
832 747 1084 796 Anselmus
1106 747 1482 813 archiepiscopus
1504 748 1696 813 injurias
1718 749 1890 798 multas
1909 766 1938 798 a
1954 766 2069 816 rege
2086 750 2327 806 sustinens,

402 826 606 876 Romam
628 826 794 876 tendit.

466 905 736 954 Rodbertus
760 921 918 954 comes
945 904 1172 969 Angliam
1195 903 1493 960 veniensffir
1515 905 1688 970 [3000]
1715 922 1897 956 marcas
1919 908 2021 973 regi
2044 908 2335 972 pardonavit.

413 1025 417 1029 .
467 985 609 1048 Anno
627 983 813 1047 M.cjiij.
847 983 1045 1046 co'rpus‘?
1084 982 1255 1030 Sanctt
1294 981 1543 1030 Cuthberti
1568 984 1799 1032 ostensum
1822 986 1904 1042 est,
1937 994 1984 1034 et
2007 986 2325 1051 incorruptum

398 1066 639 1112 inventum
663 1069 711 1110 et
734 1061 953 1116 flexibile,
979 1067 1027 1108 et
1049 1059 1322 1108 transsatum
1346 1061 1413 1108 est
1432 1061 1560 1125 apud
1579 1062 1889 1118 Dunelmum‚
1914 1064 1961 1111 in
1983 1081 2154 1112 novam
2178 1066 2325 1115 eccle-

397 1142 526 1196 fiam,
554 1141 830 1205 'post'annos
854 1138 1155 1203 depositionis
1179 1138 1281 1203 ejus
1305 1140 1612 1205 cccemxviij.

466 1219 608 1267 Anno
632 1235 780 1267 M.c.v.
806 1235 888 1266 rex
915 1217 1150 1266 Henricus
1173 1234 1303 1266 mare
1327 1218 1548 1275 transivit,
1574 1235 1718 1284 quem
1740 1228 2018 1284 receperunt
2042 1238 2205 1271 omnes
2227 1223 2326 1272 fere

397 1298 597 1346 barones
617 1297 928 1353 Normannie,
953 1298 1106 1361 spreto
1130 1298 1273 1345 fratre
1297 1298 1395 1353 suc,
1413 1298 1563 1346 cecati
1586 1299 1734 1347 multe
1759 1299 2016 1363 cupiditate
2041 1301 2256 1365 pecunie,
2282 1310 2330 1350 et

398 1377 601 1425 Baiocas
620 1376 843 1425 incendit.

464 1456 606 1504 Anno
630 1456 796 1521 M.c.vj.
837 1454 1106 1503 Rodbertus
1141 1471 1300 1503 comes
1323 1455 1450 1503 venit
1482 1456 1529 1503 in
1567 1455 1807 1521 Angliam,
1827 1473 2028 1521 querens
2053 1475 2081 1505 a
2103 1459 2245 1507 fratre
2277 1468 2328 1508 ut

396 1536 555 1583 omnia
581 1535 741 1583 ablata
764 1534 846 1582 fibi
872 1534 1105 1589 redderet,
1131 1535 1206 1582 cui
1232 1535 1527 1582 contradixit.

465 1613 700 1662 Henricus
723 1614 977 1677 imperator
1000 1613 1208 1666 moritur,
1234 1612 1309 1660 cui
1333 1612 1540 1660 succeffit
1563 1613 1683 1660 filius
1708 1614 1809 1677 ejus
1836 1613 2085 1663 Henricus.

466 1692 571 1740 Rex
597 1692 833 1739 Henricus
867 1707 997 1738 mare
1032 1689 1224 1745 tranfiit,
1262 1697 1310 1737 et
1342 1690 1469 1753 apud
1508 1691 1858 1740 Tenerchebrai
1894 1692 2130 1741 commisso
2164 1695 2328 1758 proelio

403 1771 697 1819 Rodbertum
721 1769 959 1823 comitem,
979 1776 1026 1816 et
1046 1767 1342 1815 Rodbertum
1360 1768 1419 1815 de
1444 1768 1705 1824 Stuteville‚
1725 1777 1772 1817 et
1794 1770 2085 1819 Willelmum
2109 1773 2328 1821 comitem

398 1850 458 1898 de
485 1849 755 1903 Moretonio
780 1847 920 1911 cepit.

468 1928 611 1976 Anno
650 1926 832 1990 M.c.vij.
878 1924 1099 1989 Edgarus
1134 1940 1216 1971 rex
1256 1924 1555 1972 Scottorump
1586 1926 1647 1989 vj.
1700 1925 1804 1973 idus
1835 1926 1863 1974 J
1868 1928 2044 1992 anuarij
2101 1928 2151 1992 [J
2155 1945 2230 1977 an.
2273 1930 2324 1994 8]

399 2007 531 2062 obiit,
557 2006 632 2054 cui
656 2004 863 2054 succeffit
887 2004 1031 2051 frater
1056 2002 1157 2067 ejus
1184 2002 1471 2050 Alexander.

471 2085 648 2133 Comes
675 2083 945 2131 Rodbertus
969 2089 1017 2130 et
1036 2097 1195 2130 comes
1222 2081 1489 2130 Willelmus
1513 2081 1573 2129 de
1599 2074 1869 2130 Moretonio
1893 2084 1940 2130 in
1956 2084 2144 2149 Anglia
2184 2086 2330 2133 custo-

398 2165 474 2212 die
498 2164 842 2228 mancipantur.

469 2243 574 2292 Rex
591 2243 729 2291 rediit
753 2242 800 2290 in
828 2240 1072 2306 Angliam,
1097 2246 1145 2287 et
1169 2239 1216 2287 in
1241 2239 1439 2288 concilio
1465 2239 1592 2304 apud
1618 2238 1924 2289 Lundoniasq
1945 2241 2168 2290 statutum
2193 2243 2259 2291 est
2282 2252 2333 2291 ut

397 2323 627 2387 nusquam
652 2321 844 2369 ulterius
869 2337 952 2385 per
976 2319 1217 2367 dationem
1241 2319 1397 2367 baculi
1421 2319 1495 2367 vel
1520 2319 1678 2367 annuli
1703 2319 1763 2367 de
1788 2320 2058 2385 episcopatu
2081 2307 2173 2370 vel*
2190 2321 2331 2370 abba-

398 2401 498 2449 thia
521 2418 604 2465 per
627 2417 791 2465 regem
815 2399 890 2447 vel
914 2397 1176 2463 quamlibet
1199 2398 1370 2446 laicam
1393 2414 1587 2446 manum
1606 2398 1774 2463 aliquis
1798 2399 2100 2447 investiretur.

465 2480 715 2528 Anselmus
730 2478 1105 2543 archiepiscopus
1122 2493 1166 2526 v.
1187 2477 1428 2542 episcopos
1451 2493 1547 2525 una
1565 2478 1864 2526 consecravit.

464 2558 724 2623 Philippusr
737 2574 819 2606 rex
836 2558 1124 2605 Francorum
1139 2556 1271 2611 obiit,
1282 2557 1356 2604 cui
1372 2556 1579 2605 succeffit
1597 2556 1869 2605 Ludouicus
1887 2555 2064 2622 grossus
2078 2557 2198 2606 filius
2214 2557 2328 2621 ejus.

466 2637 714 2685 Ordinatio
742 2636 943 2701 Rogeri⁸
967 2636 1171 2700 episcopi
1202 2635 1465 2683 Salesbirie.

468 2716 610 2764 Anno
635 2715 834 2779 M.c.viij.
861 2731 943 2762 rex
969 2713 1204 2762 Henricus
1238 2714 1371 2778 leges
1405 2714 1564 2762 statuit
1589 2714 1648 2762 de
1676 2713 1856 2763 furibus
1880 2722 1927 2762 et
1960 2714 2216 2762 latronibus
2239 2715 2328 2763 sus-

396 2794 672 2860 pendendis,
698 2801 745 2842 et
769 2801 820 2841 ut
845 2792 973 2840 obuli
998 2791 1143 2840 effent
1165 2792 1368 2840 rotundi.

459 2936 477 2951 ¹¹
498 2936 555 2971 He
572 2935 768 2982 proceeded
783 2941 821 2970 to
840 2934 964 2975 Rome,
978 2946 1075 2980 upon
1091 2933 1154 2968 the
1171 2933 1258 2972 27th
1275 2933 1318 2968 of
1331 2934 1440 2980 April.
1492 2935 1528 2968 S.
1544 2935 1704 2969 Dunelm.
1724 2934 1790 2970 col.
1810 2936 1890 2970 228.
2081 2933 2097 2949 ⁰
2119 2934 2328 2976 Alexander,

397 2991 598 3027 afterwards
615 2992 697 3036 king
713 2990 754 3025 of
768 2990 945 3030 Scotland,
965 3001 1037 3024 was
1054 2995 1207 3035 present.
1261 2989 1327 3023 See
1346 2990 1382 3023 S.
1401 2989 1561 3024 Dunelm.
1581 2989 1647 3024 col.
1667 2991 1748 3023 229.
1940 2987 1955 3008 ¹³
1984 2988 2062 3024 The
2086 2989 2333 3035 interpolation

398 3059 489 3094 sayS,
514 3047 592 3082 that
611 3047 725 3092 Edgar
742 3046 822 3081 died
838 3056 934 3091 upon
958 3043 1020 3079 the
1038 3043 1101 3082 7th
1119 3043 1160 3078 os
1171 3043 1335 3090 January,
1362 3045 1426 3079 but
1442 3043 1504 3078 the
1528 3050 1669 3090 present
1690 3048 1766 3079 text
1788 3043 1923 3079 follows
1940 3043 2018 3079 that
2040 3043 2082 3079 of
2101 3045 2244 3086 Simeon,
2264 3044 2330 3080 col.

398 3105 480 3138 230.
626 3102 642 3123 ⁴¹
664 3102 751 3137 This
773 3100 919 3136 Council
935 3111 1007 3134 was
1020 3099 1104 3134 held
1119 3110 1215 3145 upon
1231 3099 1293 3134 the
1315 3101 1367 3133 lst
1384 3098 1425 3133 of
1439 3099 1587 3144 August.
1743 3098 1756 3113 ¹
1775 3099 1890 3145 Philip
1910 3099 1938 3134 Ῑ.
1957 3099 2038 3134 died
2053 3110 2150 3145 upon
2165 3099 2228 3134 the
2244 3098 2332 3134 29th

399 3157 442 3194 of
463 3158 557 3204 July,
589 3164 626 3193 at
655 3157 802 3196 Melun;
840 3155 910 3190 and
937 3166 1009 3190 was
1039 3154 1234 3190 succeeded
1261 3155 1307 3200 by
1337 3154 1445 3189 Louis
1475 3154 1538 3189 VI.
1569 3153 1755 3189 surnamed
1784 3154 1837 3189 Le
1868 3154 1971 3189 Gros.
2039 3153 2160 3195 L’Art,
2190 3154 2215 3189 i.
2249 3154 2330 3192 572.

400 3213 413 3230 ⁸
431 3213 558 3260 Roget,
580 3213 676 3249 Lord
695 3211 802 3249 Chief
812 3210 946 3248 Justice
962 3210 1032 3246 and
1050 3210 1145 3246 Lord
1164 3210 1363 3251 Treasurer‚
1384 3221 1455 3245 was
1473 3209 1607 3246 elected
1620 3221 1716 3256 upon
1731 3208 1794 3245 the
1814 3209 1899 3245 13th
1915 3208 1957 3245 of
1970 3208 2080 3257 April,
2102 3211 2204 3246 1002:
