2904 3886
624 562 722 611 236
1377 560 1818 611 APPENDIX.

614 704 716 743 A.D.
732 705 843 746 1074.
868 716 906 753 p.
926 704 988 748 57,
1007 703 1033 740 l.
1052 705 1114 740 22.
1144 702 1208 741 Sic
1226 703 1267 740 in
1285 715 1354 740 ms.
1376 702 1490 749 Cott.,
1518 703 1617 742 forte
1634 716 1705 754 pro
1724 704 1967 755 Eaglesbrec,
1986 706 2092 757 quod
2113 719 2252 746 nomen
2279 707 2352 746 fuit
2373 707 2573 748 Gaelieum

869 769 996 807 Variae
1017 768 1193 819 Capellae,
1213 769 1307 808 alias
1326 769 1519 816 Val-kirk,
1539 771 1655 814 hodie
1675 770 1845 810 Falkirk.

730 838 840 877 1087.
867 848 905 884 p.
924 838 986 881 59,
1005 835 1030 872 1.
1053 834 1112 874 16.
1130 835 1206 875 Ulf
1217 836 1370 875 videtur
1382 835 1639 876 Duneeanum
1652 843 1827 876 secutum
1841 850 1923 876 esse
1942 839 1983 877 in
2000 838 2170 878 Scotiam
2183 844 2222 878 et
2235 841 2290 879 ibi
2302 853 2390 879 cum
2404 853 2450 879 eo
2468 853 2574 879 man-

866 902 968 947 sisse,
988 907 1027 939 et
1044 906 1164 940 terras
1182 902 1371 941 habuisse.
1427 903 1529 941 Vide
1550 902 1732 942 Chartam
1751 903 1954 943 Dunecani
1973 906 2014 942 in
2033 906 2248 944 Anderson.

730 970 841 1005 1114.
867 981 905 1018 p.
923 967 986 1014 65,
1006 969 1030 1006 l.
1054 971 1114 1007 10.
1143 969 1207 1006 An
1234 968 1359 1007 fuerat
1386 974 1500 1008 antea
1526 971 1567 1007 in
1593 971 1770 1009 manibus
1799 970 2060 1009 Keldeorum?
2088 972 2177 1010 vide
2207 972 2335 1018 Keith,
2363 986 2401 1022 p.
2420 971 2509 1018 236,
2537 978 2576 1011 et

866 1034 1048 1073 Chartam
1067 1035 1278 1073 Alexandri
1296 1035 1422 1085 primi.

730 1104 841 1139 1130.
866 1114 905 1151 p.
924 1103 986 1147 70,
1005 1102 1030 1139 l.
1048 1104 1085 1144 9.
1105 1100 1184 1140 Hic
1202 1102 1242 1139 in
1260 1114 1329 1139 ms.
1351 1101 1452 1140 Cott.
1471 1102 1650 1140 inseritur
1661 1115 1687 1139 a
1708 1101 1864 1147 Scottis,
1883 1116 1970 1154 quae
1987 1105 2105 1143 verba
2121 1105 2348 1143 redundant.
2377 1105 2440 1144 Sic
2459 1107 2577 1155 scrip-

867 1173 951 1205 tum
969 1173 1027 1206 est
1044 1169 1085 1205 in
1103 1169 1318 1206 imitatione
1339 1167 1520 1206 Chronici
1542 1168 1691 1206 Sanctae
1713 1168 1859 1207 Crucis.

730 1236 841 1272 1134.
867 1247 906 1284 p.
924 1233 987 1279 69,
1006 1235 1032 1271 1.
1051 1236 1114 1271 24.
1142 1234 1222 1272 Hic
1240 1235 1392 1272 videtur
1419 1247 1501 1272 esse
1522 1234 1748 1272 Maleolmus
1767 1235 1841 1280 ille,
1863 1235 2073 1274 Alexandri
2091 1238 2194 1287 regis
2211 1238 2312 1275 filius
2339 1239 2489 1283 nothus,
2510 1239 2575 1288 qui

866 1313 954 1338 eum
968 1301 1116 1351 Angus,
1130 1300 1316 1338 Moraviae
1334 1301 1486 1345 comite,
1501 1306 1635 1338 contra
1651 1313 1783 1351 regem
1795 1300 1988 1340 Davidem
2006 1303 2251 1341 rebellionem
2270 1304 2423 1342 molitus
2442 1310 2509 1350 est,
2530 1306 2578 1342 de

866 1379 943 1416 quo
962 1367 1103 1404 videsis
1122 1367 1334 1404 orationem
1354 1366 1513 1404 Roberti
1532 1367 1581 1403 de
1601 1366 1700 1403 Brus
1719 1367 1769 1404 ad
1786 1379 1918 1416 regem
1936 1367 2140 1414 Davidem,
2160 1370 2201 1406 in
2221 1369 2379 1408 Ailredo
2398 1371 2446 1408 de
2467 1371 2576 1409 Bello

869 1433 1086 1470 Standardi.
1124 1432 1278 1469 Videsis
1297 1432 1413 1469 etiam
1435 1431 1609 1469 Orderic.
1630 1432 1748 1469 Vital.
1765 1445 1828 1482 pp.
1849 1434 1937 1477 702,
1959 1434 2047 1478 703,
2062 1435 2209 1472 Annals
2228 1435 2272 1473 of
2288 1435 2480 1482 Scotland,
2501 1438 2575 1474 vol.

866 1500 891 1535 i.
908 1511 946 1547 p.
964 1497 1027 1543 69,
1047 1503 1137 1535 note
1156 1497 1193 1542 *,
1213 1502 1251 1534 et
1269 1496 1368 1534 infra
1386 1508 1466 1534 ΑΛ).
1489 1496 1600 1534 1156.

730 1563 841 1603 1136.
867 1578 905 1614 p.
924 1566 986 1610 70,
1006 1565 1031 1601 l.
1050 1563 1087 1602 6.
1117 1563 1259 1613 Incipit
1277 1575 1338 1601 res
1359 1563 1531 1601 Scoticas
1549 1563 1774 1614 plerumque
1792 1569 1968 1602 tractare.

728 1634 841 1673 1139.
867 1643 905 1681 p.
924 1632 986 1676 71,
1005 1631 1030 1667 l.
1054 1633 1112 1668 10.
1143 1629 1238 1667 Tres
1256 1628 1401 1679 patres!
1429 1629 1633 1679 legendem
1651 1635 1751 1667 esset
1768 1642 1950 1667 sororem.

728 1697 840 1739 1176.
866 1711 904 1747 p.
924 1700 986 1742 88,
1006 1698 1030 1734 l.
1051 1699 1086 1739 7.
1115 1697 1230 1735 Forte
1255 1710 1375 1734 unum
1404 1708 1451 1734 ex
1480 1697 1682 1734 abbatibus
1704 1695 1979 1734 Tironensibus
2007 1699 2046 1734 in
2077 1698 2218 1743 Scotia,
2247 1700 2295 1737 de
2323 1700 2461 1749 quibus
2489 1701 2577 1737 vide

868 1765 997 1809 Keith,
1016 1777 1054 1813 p.
1073 1763 1187 1801 248)ξ
1405 1812 1407 1815 r

730 1834 841 1869 1180.
867 1844 905 1880 p.
923 1834 987 1876 90,
1005 1831 1031 1868 l.
1051 1832 1087 1872 7.
1116 1830 1231 1868 Anon
1250 1829 1385 1867 melius
1399 1829 1607 1879 legendum
1626 1828 1827 1866 Moreville
1842 1842 1911 1878 pro
1925 1830 2125 1868 Morevia?
2145 1831 2232 1868 vide
2252 1831 2350 1869 inii-a
2364 1844 2442 1869 Aa).
2466 1835 2576 1877 1184,

870 1901 884 1935 l
897 1899 982 1942 188,
1007 1899 1119 1939 1191.

730 1967 840 2002 1205.
868 1977 905 2013 p.
929 1966 1014 2008 105,
1034 1964 1059 2001 l.
1083 1964 1142 2004 17.
1171 1962 1286 2000 Anne
1305 1961 1541 2000 Dunecanus
1568 1961 1670 1999 filius
1698 1961 1889 2000 Gileberti
1907 1963 1955 2000 de
1978 1962 2161 2008 Galweia,
2190 1964 2256 2013 qui
2282 1965 2510 2001 monasterio
2530 1964 2577 2000 de

866 2031 1009 2068 Melros
1036 2035 1155 2068 terras
1183 2030 1232 2067 de
1262 2029 1403 2067 Karrik
1431 2027 1614 2066 donavit?
1642 2028 1731 2065 vide
1749 2029 1799 2067 ad
1818 2041 1878 2066 an.
1901 2031 2012 2070 1193.
2070 2029 2146 2067 Sed
2166 2030 2218 2067 ibi
2247 2042 2324 2067 non
2351 2031 2571 2079 designatur

865 2108 1004 2133 comes.
1738 2135 1745 2142 ‚

730 2165 841 2199 1215.
868 2175 905 2210 p.
928 2163 1014 2206 117,
1033 2162 1058 2198 l.
1077 2163 1140 2198 24.
1169 2160 1249 2198 Hic
1267 2160 1537 2209 interpolatum
1558 2159 1648 2196 ΒΑΝ
1677 2160 1797 2196 literis
1816 2160 1940 2196 rubris
1959 2160 1998 2196 in
2017 2161 2274 2210 autograph03
2303 2174 2416 2199 manu
2437 2167 2575 2205 tamen,

866 2234 909 2264 ut
927 2228 1091 2271 videtur,
1112 2227 1259 2270 eodem,
1279 2226 1341 2263 vel
1360 2226 1494 2263 saltem
1513 2225 1640 2262 simili.

732 2297 842 2331 1215.
869 2306 905 2343 p.
929 2294 1014 2338 117,
1034 2294 1059 2330 l.
1078 2295 1141 2335 29.
1170 2292 1227 2329 Hi
1246 2303 1395 2335 versus3
1424 2292 1464 2328 in
1483 2291 1690 2340 exemplari
1710 2296 1796 2329 usto
1815 2292 1947 2340 scripti
1967 2298 2054 2329 sunt
2073 2293 2206 2329 ordine
2226 2294 2348 2330 metri.

731 2359 843 2398 1216.
869 2373 907 2409 p.
926 2362 1010 2405 125,
1030 2360 1055 2396 l.
1070 2362 1132 2404 22,
1155 2358 1328 2397 Galewia
1345 2370 1433 2407 pars
1455 2357 1606 2395 Scotiae.

732 2430 843 2468 1219.
861 2440 898 2476 p.
922 2426 1006 2470 137,
1026 2427 1051 2463 l.
1075 2424 1133 2463 16.
1164 2424 1266 2462 Tota
1284 2430 1342 2462 est
1368 2423 1600 2472 interpolata
1618 2424 1716 2460 inter
1739 2423 1831 2461 folia
1857 2422 1907 2461 36
1927 2429 1965 2460 et
1984 2426 2033 2465 37
2054 2426 2282 2474 autographi
2300 2430 2386 2474 post
2406 2438 2579 2463 numera-

867 2494 1013 2530 tionem
1040 2491 1229 2535 foliorum,
1249 2496 1289 2527 et
1316 2490 1372 2527 sic
1395 2494 1502 2538 patet
1529 2490 1628 2527 hanc
1655 2488 1989 2538 interpolationem
2007 2490 2148 2528 factam
2174 2490 2290 2528 fuisse
2307 2496 2394 2540 post
2412 2492 2579 2541 interpo-

865 2559 1048 2596 lationem
1065 2556 1221 2607 capituli
1249 2557 1298 2593 de
1315 2556 1471 2606 regibus
1493 2548 1643 2600 Scofiae,
1664 2555 1769 2605 quod
1788 2555 1886 2592 inter
1914 2561 2052 2594 caetera
2070 2556 2162 2594 folia
2188 2563 2426 2601 numeratum
2454 2559 2495 2595 id
2523 2563 2579 2595 est

866 2625 1079 2663 numeratio
1107 2623 1209 2662 facta
1226 2628 1284 2660 est
1302 2627 1346 2660 ut
1363 2622 1459 2659 illud
1478 2621 1612 2659 folium
1630 2621 1826 2659 videretur
1843 2622 2065 2671 genuinum.
2120 2622 2166 2660 In
2180 2623 2349 2662 editione
2368 2625 2481 2662 debet
2500 2637 2580 2662 esse

867 2692 908 2728 in
926 2690 1149 2740 appendice.
2059 2727 2067 2734 s

733 2761 844 2796 1221.
870 2771 908 2807 p.
931 2760 1016 2802 138,
1035 2757 1061 2794 l.
1080 2757 1223 2795 23—25.
1253 2754 1384 2792 Lineae
1402 2755 1462 2791 hae
1480 2759 1557 2791 tres
1576 2755 1616 2791 in
1635 2754 1874 2804 autographo
1893 2755 2043 2792 desunt.

733 2828 846 2862 1222.
871 2837 909 2873 p.
932 2826 1018 2868 139,
1037 2823 1063 2860 l.
1083 2825 1146 2859 22.
1175 2820 1276 2859 Ν.Β.
1298 2820 1451 2870 Lingua
1470 2820 1698 2869 Anglicana.

733 2894 845 2928 1222.
871 2904 896 2941 p
921 2892 1006 2935 139,
1024 2890 1051 2927 l.
1071 2891 1134 2928 30.
1159 2887 1251 2927 Jam
1269 2891 1443 2926 narratur
1462 2899 1587 2937 supra.

734 2960 844 2995 1222.
870 2970 908 3006 p.
930 2959 1016 3002 139,
1034 2956 1060 2993 l.
1078 2958 1141 2995 32.
1169 2954 1290 2993 Deest
1307 2954 1475 2992 foeminae
1493 2965 1633 2992 nomen
1650 2954 1691 2990 in
1710 2953 1916 3003 exemplari
1935 2958 2033 2992 usto.

735 3027 845 3062 1223.
870 3037 908 3074 p.
930 3025 1016 3068 141,
1035 3023 1060 3060 l.
1083 3021 1142 3061 16.
1172 3022 1253 3061 Ubi
1272 3026 1331 3059 est
1350 3020 1536 3060 Hunum?
1565 3020 1758 3059 Hownam
1776 3033 1801 3058 a
1817 3033 1895 3071 quo
1913 3032 1991 3058 non
2008 3020 2123 3071 longe
2143 3021 2252 3060 abest
2271 3020 2470 3059 Landeles.

735 3093 846 3129 1230.
871 3103 909 3139 p.
932 3092 1018 3135 142,
1036 3089 1062 3127 l.
1080 3091 1118 3127 4.
1147 3087 1253 3128 Ubi?
1280 3089 1330 3126 ad
1347 3089 1471 3138 ripam
1492 3086 1650 3132 Tuedae,
1669 3087 1738 3125 sed
1765 3099 1843 3125 non
1860 3086 1936 3126 fuit
1964 3087 2019 3125 ibi
2047 3087 2239 3132 abbathia,
2267 3098 2360 3137 ergo
2378 3087 2418 3124 in
2437 3086 2580 3136 Anglia

872 3154 1153 3205 quaerendum.†

649 3265 679 3296 [¹³
692 3264 803 3290 Videon
813 3264 917 3295 potius
927 3263 1072 3291 Morton's
1082 3262 1232 3291 Monestie
1242 3263 1367 3294 Anmls,
1377 3269 1406 3294 p.
1416 3259 1590 3292 83.-Ε1>1·1·.]

633 3309 840 3370 ΥῌΙ-Ι-ὶὲιξὸῗ.
849 3309 972 3338 seilicet,
989 3309 1023 3335 lu
1031 3315 1108 3335 com.
1120 3308 1291 3339 Notungn„
1301 3307 1391 3338 cujus
1401 3313 1510 3338 parens
1526 3306 1590 3333 fult
1599 3304 1723 3333 abbatia
1736 3304 1889 3335 mevania,
1899 3311 1938 3331 ex
1948 3311 2010 3336 qua
2018 3304 2112 3331 etim
2128 3306 2281 3332 venerum
2295 3293 2489 3333 monachiae
2504 3307 2574 3335 Mel-
