2904 3886
570 514 660 559 188
1031 508 1455 558 C-HRONICA
1500 508 1602 557 DE
1646 507 2030 559 MAILROS.
2193 511 2325 561 A.D.
2357 513 2497 564 1262.

564 653 812 718 procidens
827 652 961 716 super
975 666 1134 715 genua
1152 650 1317 704 oravit,
1336 646 1513 704 dicens,
1539 657 1569 678 ‘⁶
1587 646 1794 696 Domine
1813 648 1971 697 Adam
1985 647 2100 697 ficut
2117 651 2344 699 veraciter
2361 650 2505 702 credo

551 727 696 796 ‘quod
725 732 884 780 Deum
911 746 968 777 ex
994 736 1094 776 toto
1120 729 1249 786 cordi
1274 727 1472 776 dilexisti
1504 729 1551 776 in
1583 728 1680 776 vita
1709 735 1810 783 tua,
1843 735 1891 776 et
1923 744 2031 777 cum
2063 728 2142 777 illo
2177 745 2229 778 es
2262 730 2310 778 in
2341 730 2505 780 eterna

568 812 677 865 vita,
702 810 948 874 postquam
974 815 1168 856 vocatus
1191 808 1316 856 fuisti
1342 825 1370 856 a
1393 807 1530 856 nobis
1554 807 1616 855 ad
1639 807 1812 872 ipsum;
1846 806 1908 856 fic
1936 808 2095 872 quaeso
2128 815 2178 856 ut
2205 809 2320 858 velis
2357 809 2504 858 effun-

567 890 676 937 dere
713 905 876 953 preces
911 904 995 952 pro
1028 904 1105 935 me
1141 887 1203 935 ad
1226 887 1357 935 illum
1382 894 1433 935 ut
1457 903 1540 952 per
1563 894 1613 934 te
1637 886 1846 952 recipere
1869 903 2052 935 merear
2075 887 2236 936 lumen
2261 888 2504 937 oculorum

567 985 794 1022 meorum,
827 967 956 1032 quod
992 967 1202 1031 peccatis
1232 967 1350 1015 meis
1374 966 1673 1031 exigentibus
1698 965 1841 1014 amifi.
1913 965 2186 1023 Memento,
2203 984 2312 1016 care
2336 968 2508 1025 amice,

569 1047 807 1111 quomodo
840 1046 1081 1094 dilexerim
1117 1054 1164 1094 te
1199 1046 1246 1093 in
1282 1047 1378 1094 vita
1412 1054 1509 1101 tua,
1543 1054 1590 1094 et
1620 1046 1946 1094 honoraverim
1980 1054 2119 1111 prout
2149 1048 2282 1112 potui
2313 1045 2512 1113 quando*

570 1127 805 1174 voluisti.’'
879 1126 997 1174 Erat
1022 1126 1146 1174 enim
1171 1125 1358 1173 sacrista
1381 1125 1649 1174 monasterii
1674 1142 1814 1187 cecus
1851 1124 1935 1173 iste
1969 1125 2231 1175 ministrans
2266 1127 2309 1175 ei
2337 1128 2505 1176 multo-

569 1206 664 1253 cies
705 1222 799 1270 que
839 1206 1123 1270 petebantur
1156 1205 1216 1252 ab
1253 1222 1310 1254 eo
1342 1204 1612 1253 necefl'aria.
1694 1204 1783 1254 His
1813 1213 1860 1252 et
1894 1204 1966 1253 his
1997 1204 2220 1254 fimilibus
2255 1207 2408 1256 verbis
2444 1208 2504 1256 ab

569 1286 647 1333 illo
672 1286 914 1350 peroratis,
940 1302 1051 1333 ecce
1075 1286 1155 1333 lux
1186 1285 1301 1333 mire
1333 1285 1557 1333 claritatis
1588 1285 1738 1350 primo
1770 1285 1817 1332 in
1849 1301 1995 1332 unum
2023 1279 2288 1350 temporum
2318 1287 2505 1335 suorum

566 1366 767 1420 intravit,
793 1382 886 1429 que
910 1364 1132 1413 tranfiens
1156 1382 1240 1429 per
1263 1365 1471 1413 medium
1496 1365 1650 1413 clause
1673 1364 1937 1414 fituofitatis
1962 1366 2204 1415 oculorum
2236 1367 2338 1431 ejus
2363 1368 2504 1416 exivit

570 1461 653 1508 per
678 1445 804 1492 aliud
828 1453 1014 1509 tempus
1039 1445 1204 1508 capitis
1229 1445 1345 1508 ejus,
1371 1453 1422 1491 ut
1446 1445 1542 1508 ipse
1566 1444 1679 1492 mihi
1703 1445 1875 1492 retulit.
1915 1444 1918 1446 ’
1948 1445 2058 1500 Quo
2083 1445 2234 1494 subito
2258 1446 2389 1495 fafito
2413 1448 2506 1494 sur-

572 1524 687 1571 rexit
714 1525 889 1588 optime
914 1523 1076 1571 videns
1101 1523 1332 1588 rediitque
1357 1523 1416 1571 de
1441 1524 1652 1587 sepulcro
1676 1524 1825 1572 sanEti
1860 1523 1943 1571 viri
1967 1522 2062 1572 fine
2100 1532 2294 1589 regente
2333 1525 2510 1590 gressus

573 1604 693 1658 suos,
720 1604 800 1667 qui
826 1603 933 1650 illuc
959 1603 1074 1650 ierat
1101 1619 1208 1649 cum
1232 1610 1428 1667 regente
1453 1602 1571 1650 illos.

643 1763 754 1810 Viso
780 1762 1050 1826 precedenti
1075 1763 1302 1810 miraculo
1328 1762 1388 1811 de
1412 1762 1575 1810 sancto
1604 1762 1714 1810 Ada
1739 1762 2041 1819 Eboracenfi,
2067 1763 2246 1828 placuit
2269 1764 2383 1813 mihi
2407 1782 2511 1812 nar-

577 1859 678 1890 rare
718 1843 895 1906 aliquid
932 1843 1158 1890 miraculo
1198 1842 1564 1907 correspondens
1602 1842 1661 1890 de
1697 1841 1906 1907 quodam
1948 1843 2040 1891 alio
2084 1843 2242 1891 Adam
2278 1842 2512 1892 monacho

577 1923 731 1970 nostro
757 1923 815 1970 de
836 1922 1071 1971 Lewenax
1096 1923 1309 1978 oriundo,
1335 1923 1415 1985 qui
1440 1930 1571 1970 tante
1595 1922 1857 1970 sanctitatis
1880 1922 2166 1987 perhibetur,
2192 1923 2320 1987 quod
2344 1922 2427 1988 per
2451 1924 2514 1971 vi-

579 2003 695 2068 ginti
722 2020 870 2051 annos
889 2003 1060 2067 quibus
1085 2002 1464 2050 commorabatur
1489 2002 1615 2067 apud
1643 2010 1851 2050 veterem
1886 2002 2080 2058 Melros,
2115 2019 2357 2067 nunquam
2394 2003 2514 2050 visus

579 2083 652 2130 vel
678 2083 817 2130 scitus
841 2083 929 2129 fuit
954 2083 1019 2129 ire
1056 2083 1101 2129 in
1136 2082 1331 2136 lectum,
1367 2082 1447 2129 sed
1481 2098 1570 2129 nec
1604 2081 1663 2129 de
1695 2081 1822 2129 lecto
1857 2081 2011 2137 exire3
2048 2081 2199 2146 Cujus
2230 2082 2295 2129 rei
2325 2081 2516 2130 evidens

582 2162 897 2209 testimonium
931 2169 1031 2208 erat
1066 2161 1194 2225 quod
1226 2161 1427 2208 stramen
1460 2160 1743 2225 suppofitum
1774 2161 1943 2225 pannis
1979 2161 2190 2225 putative
2226 2161 2516 2209 dormitionis

582 2242 683 2304 ejus
707 2258 789 2305 per
813 2248 997 2288 tanturn
1021 2241 1244 2304 temporis
1268 2240 1468 2304 spatium
1492 2241 1673 2304 semper
1697 2239 1827 2304 quafi
1850 2240 1897 2287 in
1927 2239 2097 2287 eodem
2133 2240 2256 2287 statu
2294 2240 2517 2289 cerneba-

583 2330 656 2367 tur
680 2337 970 2384 permanere.
1048 2320 1143 2368 Sed
1168 2320 1280 2367 dum
1303 2319 1453 2367 noluit
1480 2319 1613 2367 Deus
1637 2318 1767 2383 quod
1790 2319 1857 2366 vir
1879 2319 2017 2367 valde
2042 2318 2194 2367 bonus
2225 2320 2402 2367 malum
2437 2320 2518 2384 hy-

585 2399 771 2464 pocrifis
796 2401 1064 2454 incurreret,
1091 2399 1358 2447 dehiscebat
1385 2399 1431 2446 in
1456 2399 1697 2463 pulverem
1721 2398 1970 2454 interdum,
1995 2398 2075 2446 sed
2107 2416 2227 2454 raro,
2259 2416 2342 2463 pre
2370 2401 2519 2448 vetus-

586 2488 683 2526 tate
708 2479 908 2528 stramen
934 2478 1142 2543 ejusdem
1165 2479 1294 2534 lecti,
1331 2480 1466 2543 super
1498 2478 1626 2543 quod
1667 2478 1794 2525 aliud
1824 2477 2027 2526 stramen
2057 2478 2278 2526 novitatis
2312 2479 2425 2526 fecit
2457 2480 2522 2526 vir

590 2560 696 2606 Deo
722 2559 887 2624 plenus
906 2559 1020 2623 jaci,
1046 2558 1136 2606 acfi
1161 2559 1256 2623 ipse
1281 2558 1422 2606 vellet
1446 2566 1610 2606 contra
1632 2574 1812 2606 morem
1836 2558 1883 2605 in
1906 2557 2034 2606 leeto
2053 2558 2214 2623 jacere
2230 2558 2520 2607 dormiendo.

592 2639 824 2687 Dormivit
849 2647 1024 2694 tamen,
1049 2638 1129 2686 sed
1153 2646 1382 2702 quantum
1407 2637 1670 2686 dormiebat
1694 2637 1786 2685 hoc
1807 2636 2016 2686 faciebat
2041 2653 2199 2685 coram
2224 2638 2358 2686 altari
2382 2637 2522 2687 beate

589 2720 779 2783 virginis
806 2718 899 2766 Dei
925 2718 1164 2783 genitricis
1188 2718 1353 2766 sedens
1377 2718 1450 2766 vel
1486 2717 1755 2782 prostratus,
1791 2716 1873 2765 ubi
1911 2717 2055 2765 etiam
2091 2717 2271 2765 solebat
2304 2717 2524 2766 noctibus

591 2798 883 2863 hyemalibus
901 2815 1126 2863 magnam
1151 2805 1333 2863 partem
1357 2797 1512 2845 noctis
1537 2797 1804 2862 expendere
1828 2797 1875 2845 in
1901 2796 2222 2845 citharizando
2247 2813 2355 2845 cum
2379 2798 2524 2844 canti-

593 2873 709 2926 lenis
735 2895 827 2943 que
852 2885 1078 2926 vocantur
1105 2877 1352 2926 “molete”
1381 2877 1443 2926 ad
1460 2877 1688 2925 honorem
1706 2876 1881 2925 sanfflae‘
1892 2876 2084 2942 virginis
2102 2877 2263 2925 matris
2287 2877 2441 2932 edite3
2466 2876 2525 2924 de

595 2959 669 3005 die
688 2975 794 3005 vero
810 2957 1004 3005 sedebat
1021 2958 1120 3005 fere
1135 2958 1316 3022 semper
1328 2957 1465 3021 juxta
1481 2956 1648 3004 ostium
1664 2956 1874 3012 ecclefie,
1893 2956 2162 3022 psalterium
2179 2973 2264 3021 pro
2281 2972 2411 3004 more
2429 2955 2526 3003 die-

596 3038 679 3083 tim
697 3053 985 3100 percurrens,
1010 3037 1166 3102 sporta
1183 3037 1323 3102 juxta
1345 3053 1538 3084 manum
1563 3035 1666 3101 ejus
1685 3035 1835 3101 pofita
1852 3035 2076 3084 continue
2094 3035 2143 3083 in
2161 3052 2257 3100 qua
2274 3034 2409 3100 panis
2424 3032 2524 3081 erat

599 3123 727 3162 tante
753 3116 1040 3164 abundantie
1064 3123 1116 3164 ut
1138 3116 1294 3164 nullus
1318 3132 1499 3182 pauper
1524 3115 1583 3164 de
1607 3114 1692 3163 sub
1723 3131 1868 3163 manu
1898 3114 2000 3180 ejus
2030 3113 2272 3163 recederet
2302 3112 2525 3177 querulus

601 3194 712 3257 quia
729 3211 994 3243 necvacuus
1018 3196 1130 3260 quin
1146 3197 1304 3243 secum
1322 3195 1500 3260 aliquid
1515 3195 1774 3260 asportaret
1789 3212 1803 3250 ;
1826 3194 1954 3243 unde
1970 3209 2098 3259 penu
2120 3191 2329 3240 omnium
2343 3206 2521 3255 paupe-

599 3289 701 3320 rum
721 3272 780 3320 ad
799 3274 845 3320 se
870 3273 1220 3329 confluentium,
1245 3282 1297 3322 ut
1314 3273 1398 3338 ipfi
1418 3273 1657 3329 dicebant,
1681 3273 1811 3322 bono'
1831 3273 1989 3322 omine
2007 3269 2281 3320 abimdabat
2296 3286 2354 3318 ex
2372 3270 2525 3335 gratia

2579 1148 2638 1183 fol.
2658 1150 2715 1182 61.
