2852 3874
25 3540 42 3607 (ως
27 3519 35 3531 ·-
22 3315 38 3490 *:···¹-·<‘·⁸«.·*2·<
26 3243 33 3250 ‹

99 3486 107 3494 s

123 1312 181 1346 sol.
205 1313 259 1344 19.
278 1311 313 1344 b.

386 440 519 490 A.D.
551 441 691 497 1167.
853 442 1278 494 CHRONICA
1321 443 1423 494 DE
1467 443 1847 494 MAILROS.
2245 453 2305 496 81

448 579 591 628 Anno
614 580 846 646 M.c.lxvij.
875 580 1009 630 Obiit
1031 582 1109 647 pie
1131 582 1357 631 memorie
1387 581 1641 638 Aldredus,
1676 582 1741 647 iij.
1779 581 1928 630 abbas
1961 581 2204 639 Rieuallis,
2230 586 2304 632 cui

379 657 587 707 succeffit
616 658 837 708 Siluanus
861 659 1009 709 abbas
1033 660 1094 710 de
1120 660 1473 710 Dundrainan.‘¹

446 736 580 786 Obiit
612 739 834 804 magister
860 738 1096 788 Robertus
1119 739 1179 788 de
1215 739 1400 788 Melum
1435 740 1679 805 episcopus
1708 739 1987 789 venerabilis
2013 739 2310 797 Herefordie,

377 816 453 864 cui
468 816 676 865 succeffit
692 816 929 866 Robertus
947 818 1007 866 de
1027 817 1200 867 Foliot.
1250 817 1384 867 Obiit
1403 819 1633 868 Patricius
1655 819 1885 868 secundus
1909 819 2056 869 abbas
2080 820 2140 869 de
2167 819 2309 868 Alne-

376 895 509 951 wick,
534 896 609 944 cui
633 895 840 944 succeffit
866 895 1097 945 Ricardus
1119 897 1244 961 prior
1267 896 1491 961 ejusdem.

446 973 579 1022 Obiit
605 974 842 1022 Mathilda
865 974 1150 1039 imperatrix,
1181 982 1332 1022 mater
1358 973 1553 1023 Henrici
1576 975 1625 1040 ij.
1661 977 1786 1041 regis
1812 976 2089 1042 Anglorum.

447 1052 724 1100 Fredericus
759 1052 1013 1117 imperator
1047 1052 1272 1100 hostiliter
1307 1052 1368 1100 ad
1386 1052 1622 1117 juvandas
1653 1061 1810 1118 partes
1833 1056 2023 1103 secundi
2058 1058 2308 1121 antipapae,

378 1131 426 1178 id
449 1130 518 1178 est
545 1130 764 1178 Widonis
792 1130 1072 1186 Cremenfis,
1110 1130 1312 1179 Romam
1341 1131 1533 1179 veniens
1567 1132 1771 1180 eundem
1802 1133 2108 1182 scismaticum
2131 1136 2308 1183 scisma-

377 1211 497 1257 ticus
522 1217 569 1257 et
593 1209 689 1274 ipse
713 1210 761 1257 in
786 1209 1028 1258 ecclefiam
1054 1209 1203 1258 sancti
1231 1210 1357 1258 Petri
1382 1209 1426 1257 vi
1451 1217 1499 1257 et
1523 1218 1705 1258 armata
1723 1228 1866 1258 manu
1890 1211 2083 1260 intrufit.
2158 1212 2309 1261 Rede-

378 1296 490 1337 unte
505 1305 617 1336 vero
633 1305 741 1336 cum
759 1289 969 1337 exercitu
983 1288 1138 1336 statim
1156 1288 1296 1353 pestis
1314 1289 1555 1337 mortifera
1573 1290 1620 1336 in
1638 1290 1865 1354 populum
1883 1290 1984 1355 ejus
2008 1290 2210 1356 graffata
2228 1292 2309 1347 est,

378 1376 425 1416 et
449 1368 673 1432 primates
697 1367 925 1432 quosdam
951 1368 1162 1423 extinxit,
1196 1376 1244 1416 et
1279 1367 1356 1416 ille
1386 1367 1660 1416 Colonenfis
1692 1369 1889 1424 eleetus,
1913 1370 2056 1418 totius
2090 1371 2310 1419 scismatis

378 1447 547 1512 capud,
574 1448 620 1495 in
648 1446 850 1512 Alpibus
874 1447 1110 1495 extin<3³ms
1145 1447 1227 1502 est,
1264 1455 1312 1495 et
1347 1454 1398 1495 ut
1422 1447 1517 1495 offa
1552 1465 1581 1495 a
1609 1447 1826 1496 carnibus
1849 1448 2238 1514 disjungerentur,
2263 1459 2309 1497 et

382 1527 584 1575 Colonie
610 1526 896 1582 deferentur,
921 1534 1047 1574 totus
1082 1526 1130 1574 in
1167 1543 1340 1590 aquam
1365 1526 1532 1575 coctus
1567 1526 1655 1582 est3
1691 1525 1912 1574 volebant
1941 1528 2065 1576 enim
2089 1529 2309 1593 primates

377 1607 444 1654 sui
469 1606 627 1661 elefi'd,
651 1606 762 1653 licet
796 1622 890 1653 non
916 1605 1135 1670 episcopi,
1161 1613 1390 1669 quantum
1420 1605 1480 1652 ad
1515 1606 1636 1669 ipsos
1670 1605 1969 1654 honorabiles
1993 1616 2220 1671 quantam
2246 1608 2306 1655 ad

376 1702 463 1733 nos
487 1685 596 1732 satis
620 1684 872 1732 inhonoras
897 1692 944 1732 et
967 1683 1069 1732 falfi
1091 1684 1291 1732 nominis
1315 1684 1478 1731 saltem
1512 1683 1687 1731 habere
1712 1684 1945 1748 reliquias.

449 1765 591 1812 Anno
629 1764 876 1828 M.c.lxviij.
908 1763 1024 1811 obiit
1047 1764 1124 1828 pie
1148 1763 1372 1811 memorie
1401 1762 1673 1811 Gilebertus
1698 1762 1845 1811 abbas
1874 1763 2192 1819 Cisternenfis,
2231 1767 2305 1812 cui

377 1843 584 1892 succeflit
611 1843 883 1891 Alexander
907 1859 951 1890 x.
979 1841 1142 1890 abbas.

445 1922 579 1971 Obiit
602 1922 771 1970 Widor
794 1921 1077 1970 scismaticus
1101 1928 1149 1968 et
1176 1921 1407 1969 secundus
1432 1922 1672 1985 antipapa,
1711 1929 1758 1969 et
1789 1921 1981 1985 quidam
2004 1923 2166 1970 tertius
2192 1924 2306 1969 anti-

375 2019 517 2067 papa,
544 2001 678 2066 cujus
700 2017 874 2048 nomen
898 2000 1157 2065 ignoratur,
1183 2000 1264 2064 qui
1289 2007 1337 2047 et
1360 2000 1582 2064 ignorans
1606 1999 1913 2064 ignorabitur,
1938 2000 2147 2048 elevatus
2171 2001 2251 2049 est.

444 2081 578 2131 Obiit
596 2080 887 2129 Rodbertus²
906 2095 1064 2127 comes
1077 2079 1228 2143 justus
1247 2078 1517 2133 Leicestrie,
1537 2086 1584 2126 et
1600 2079 1680 2142 qui
1699 2078 1878 2142 justitia
1902 2079 2080 2126 summa
2095 2088 2302 2127 vocatur.

445 2162 587 2210 Anno
619 2159 833 2209 M.c.lxix.
871 2158 987 2207 obiit
1014 2158 1275 2223 Gregorius
1307 2158 1551 2222 episcopus
1577 2157 1849 2213 Dunkelde,
1875 2158 1950 2205 cui
1985 2158 2190 2206 succeffit
2227 2157 2304 2206 Ri-

375 2241 545 2290 cardus
570 2239 842 2305 capellanus
873 2238 1031 2303 regis.t

443 2320 562 2368 Vilis
587 2327 635 2367 et
660 2318 956 2367 exescrabilis
980 2324 1144 2365 contra
1168 2316 1409 2364 dominum
1443 2332 1617 2381 papam
1644 2315 1966 2363 Alexandrum
1991 2324 2038 2364 et
2062 2316 2304 2364 venerabi-

375 2400 469 2447 lem
496 2398 734 2446 Thomam
759 2396 1160 2461 archiepiscopum
1183 2396 1231 2443 in
1259 2394 1411 2443 Galiis
1446 2395 1715 2443 exulantem
1751 2394 2025 2459 conjuratiO,
2050 2411 2134 2458 per
2158 2403 2305 2442 totam

376 2479 475 2526 fere
502 2477 743 2542 Angliam,
763 2475 961 2541 juflione
986 2475 1126 2540 regis,
1151 2474 1283 2522 saeta
1307 2474 1389 2522 est.

446 2555 747 2603 Hunbaudus
775 2555 899 2619 prior
932 2554 990 2601 de
1019 2553 1253 2601 Weneloc
1277 2552 1471 2601 adduxit
1509 2560 1790 2601 conventum
1826 2552 1951 2617 apud
1979 2551 2192 2606 Paffelet,
2226 2554 2304 2616 qui

378 2636 444 2683 est
462 2636 600 2700 juxta
626 2634 838 2681 Renfriu.

448 2715 589 2762 Anno
613 2713 811 2762 M.c.lxx.
838 2728 919 2760 rex
946 2711 1121 2776 Anglie
1149 2710 1383 2759 Henricus
1418 2710 1477 2759 de
1503 2710 1799 2758 Normannia
1825 2710 2049 2774 Angliam
2080 2709 2230 2764 rediit,
2257 2710 2302 2758 in

378 2811 472 2859 quo
497 2793 650 2841 reditu
672 2791 806 2840 multi
830 2790 1080 2855 naufragio
1104 2790 1356 2854 perierunt.

448 2872 714 2920 Willelmus
751 2869 898 2918 abbas
921 2869 986 2934 iij.
1024 2869 1084 2917 de
1126 2868 1339 2932 Maylros
1363 2884 1523 2916 curam
1557 2867 1835 2932 pastoralem
1859 2884 1902 2915 x.
1929 2867 2156 2915 kalendas
2183 2866 2302 2914 Maii

384 2953 525 3018 [Apr.
551 2951 636 3015 22]
665 2949 899 2998 humiliter
923 2946 1136 3003 dimifit,¹¹
1159 2953 1207 2994 et
1229 2947 1326 3011 ipso
1351 2945 1427 2994 die
1451 2945 1692 2994 Jocelinus
1715 2946 1838 3010 prior
1862 2945 1905 2993 ei
1929 2945 2149 2994 succeffit.

426 3071 442 3092 ‘¹
460 3070 528 3106 See
546 3069 695 3109 Fordun,
715 3068 738 3102 i.
752 3070 835 3102 459.
967 3065 980 3080 ¹
1001 3064 1130 3106 Guido,
1143 3064 1255 3100 called
1273 3063 1422 3099 Paschal
1440 3064 1523 3105 111„
1536 3063 1616 3099 died
1626 3063 1713 3098 20th
1728 3064 1942 3109 September,
1958 3066 2060 3100 1168.
2113 3064 2193 3099 The
2203 3075 2304 3117 name

381 3126 422 3163 of
433 3126 488 3162 his
505 3136 698 3165 successor,
718 3123 851 3169 against
867 3121 929 3157 the
946 3120 1124 3166 authority
1136 3119 1177 3155 of
1191 3120 1390 3155 Alexander
1403 3120 1486 3159 111„
1504 3131 1576 3154 was
1597 3119 1747 3155 Calistus
1762 3119 1831 3154 111.
1873 3119 1885 3135 ¹
1904 3119 2037 3155 Robert
2049 3119 2093 3154 de
2108 3119 2233 3160 Bossu,
2248 3132 2304 3155 ac-

381 3181 522 3227 cording
537 3186 576 3216 to
592 3180 764 3226 Dugdale,
784 3177 864 3213 died
879 3177 915 3212 in
935 3176 1044 3216 1167;
1069 3177 1134 3210 but
1150 3175 1212 3210 the
1228 3181 1304 3209 text
1320 3175 1348 3209 is
1365 3174 1558 3220 supported
1573 3175 1619 3220 by
1631 3174 1692 3209 the
1709 3173 1886 3221 authority
1901 3174 1944 3210 of
1954 3175 2125 3216 Hoveden,
2143 3174 2203 3210 fol.
2222 3177 2303 3209 293.

380 3238 393 3261 ¹
414 3237 473 3275 He
488 3247 560 3272 was
577 3233 804 3272 consecrated
820 3243 915 3279 upon
931 3231 995 3266 the
1014 3233 1067 3266 lst
1083 3230 1125 3266 of
1134 3230 1318 3276 February,
1342 3231 1506 3268 1169-70.
1536 3231 1685 3271 Fortium
1703 3229 1727 3264 i.
1746 3231 1827 3265 460.
1972 3229 1990 3245 “
2010 3230 2156 3266 Fordvp.
2230 3233 2303 3266 451,

945 3309 974 3341 L
