2904 3886
610 479 700 535 196
1068 479 1487 529 CHRONICA
1532 479 1632 529 DE
1677 479 2063 532 MAILROS.
2217 485 2349 536 A.D.
2390 486 2530 536 1264.

605 631 680 671 tur
703 623 830 688 quod
866 623 1175 688 prenominati
1208 625 1341 672 senes
1364 624 1410 671 in
1434 622 1653 688 fingulari
1685 622 1871 671 versuta
1899 622 2237 689 allegationum
2256 624 2532 692 'objectione

606 702 653 750 se
683 710 845 750 contra
877 709 1024 750 totam
1056 702 1295 750 civitatem
1327 703 1658 767 opposuerant,
1683 701 1809 767 justo
1836 701 1931 751 Dei
1956 702 2138 767 judicio
2169 703 2353 753 faaum
2384 705 2452 755 est
2481 714 2534 755 ut

606 788 736 829 extra
760 781 996 829 civitatem
1019 780 1170 846 perire
1194 780 1457 829 debuissent
1479 781 1526 829 in
1551 797 1687 830 curru
1712 781 1823 847 igne
1847 780 2114 830 vehementi
2139 783 2351 832 accenso.

674 859 729 907 In
752 859 843 907 hoc
868 860 1011 908 etiam
1029 859 1154 908 bello
1179 859 1328 908 multa
1355 860 1484 908 milia
1507 860 1750 909 hominum
1774 861 1877 908 sunt
1909 862 2030 917 cesa,
2054 861 2338 927 pedestrium
2360 864 2535 929 pariter

604 945 651 986 et
675 938 972 1003 equestrium.
1045 938 1119 987 Ex
1149 939 1240 988 hoc
1263 939 1388 989 bello
1411 941 1556 988 frater
1587 940 1712 1006 regis
1738 939 1949 997 Henrici,
1976 940 2209 990 Ricardus
2232 959 2392 992 comes
2418 942 2536 992 Cor·v

602 1016 762 1073 nubie,
787 1018 867 1084 qui
893 1026 1002 1067 ante
1034 1035 1213 1084 paucos
1237 1019 1337 1068 dies
1362 1018 1596 1067 diffidarat
1627 1018 1828 1068 barones
1853 1019 1914 1068 ad
1945 1018 2138 1077 bellum,
2164 1021 2408 1086 appellans
2430 1022 2535 1071 illos

603 1097 728 1163 regis
761 1105 808 1146 et
839 1098 972 1164 regni
1004 1098 1280 1163 proditores,
1312 1106 1442 1147 metu
1473 1099 1635 1147 mortis
1669 1099 1918 1164 perteritus
1952 1100 2076 1165 fugit
2107 1100 2154 1147 in
2185 1100 2539 1158 molendinum}

602 1176 730 1241 quod
748 1176 792 1224 vi
817 1184 1059 1226 ventorum
1080 1177 1323 1226 dicebatur
1348 1178 1539 1233 molere,
1559 1178 1785 1227 claudens
1807 1178 2009 1227 hostium
2033 1179 2169 1243 super
2192 1179 2254 1228 se.
2306 1179 2384 1228 Ad
2404 1180 2532 1246 quod

603 1255 826 1304 inclinato
852 1256 927 1304 die
951 1256 1062 1305 belli
1095 1257 1156 1305 ad
1179 1258 1419 1322 vesperam
1452 1256 1738 1305 accefl'erunt
1770 1256 1987 1313 barones,
2011 1258 2165 1306 valide
2190 1266 2353 1307 contra
2384 1259 2533 1325 ipsum

601 1334 933 1391 acclamantes,
959 1343 988 1364 “
1005 1335 1252 1391 descende,
1273 1334 1519 1391 descende,
1535 1335 1727 1401 peffime
1746 1336 2107 1385 molendinario!
2138 1337 2380 1401 egredere,
2400 1354 2531 1404 egre-

603 1413 730 1470 dere,
749 1414 1003 1462 molendini
1026 1414 1247 1479 magister
1271 1414 1471 1463 infauste
1484 1415 1529 1463 !'’
1573 1414 1670 1462 Sed
1690 1422 1738 1462 et
1761 1414 2063 1463 timiditatem
2081 1416 2183 1480 ejus
2200 1424 2248 1464 et
2266 1417 2532 1466 vecordiam

602 1492 794 1542 ulterius
813 1492 1146 1558 exprobrantes
1166 1493 1447 1559 adjungunt,
1471 1501 1501 1522 ‘⁶
1518 1492 1633 1558 quid
1651 1493 1736 1541 tibi
1755 1510 1874 1558 opus
1893 1500 1994 1542 erat
2010 1493 2109 1542 fieri
2126 1494 2532 1552 molendinarium,

601 1587 684 1635 per
707 1572 961 1619 maximum
993 1572 1313 1627 infortunium,
1339 1572 1419 1636 qui
1450 1588 1536 1620 nos
1568 1588 1800 1638 pauperes
1823 1571 2025 1621 barones
2048 1588 2196 1638 nuper
2225 1573 2440 1622 diffidasti
2473 1575 2533 1622 ad

601 1649 798 1706 bellum;
834 1651 913 1716 qui
939 1651 1083 1699 etiam
1107 1667 1201 1699 non
1225 1650 1391 1698 minori
1415 1651 1621 1707 nomine,
1647 1650 1759 1698 dum
1790 1667 1876 1699 nos
1900 1651 2151 1707 diffidares,
2175 1651 2358 1700 voluisti
2380 1660 2428 1701 te
2453 1668 2534 1719 ap·

598 1728 777 1793 pellari,
804 1746 946 1795 quam
970 1730 1095 1795 regis
1115 1729 1437 1778 Romanorum
1462 1737 1508 1777 et
1532 1730 1713 1795 semper
1734 1729 2002 1795 Augusti?”
2042 1730 2218 1779 Fuerat
2242 1731 2367 1780 enim
2391 1733 2534 1798 paulo

600 1816 709 1856 ante
733 1825 814 1856 rex
836 1808 1118 1864 Allemanie,
1143 1816 1332 1874 propter
1364 1808 1493 1874 quod
1515 1809 1700 1857 vocavit
1724 1810 1770 1857 se
1794 1810 1974 1874 semper
1993 1808 2276 1875 Augustum,
2301 1818 2349 1859 et
2373 1827 2535 1877 regem

601 1886 937 1936 Romanorum.
1008 1888 1263 1954 Egreditur
1298 1905 1412 1954 ergo
1447 1887 1678 1936 Ricardus
1710 1887 1769 1936 de
1807 1887 2096 1945 molendino,
2135 1896 2182 1937 et
2220 1889 2468 1938 abducitur
2506 1908 2534 1938 a

598 1966 853 2016 baronibus
876 1968 1071 2016 vinculis
1096 1967 1372 2016 cathenatus
1397 1967 1443 2015 in
1467 1967 1599 2015 firma
1624 1967 1837 2016 custodia
1861 1967 2156 2016 detinendus.
2207 1967 2281 2016 Ex
2305 1985 2401 2034 qua
2419 1970 2532 2034 quia

598 2047 876 2110 pecuniosus
908 2054 1008 2094 erat
1031 2047 1183 2102 valde,
1207 2046 1433 2094 liberatus
1464 2046 1532 2094 est
1563 2046 1666 2111 post
1697 2047 1907 2111 quinque
1932 2046 2114 2095 circiter
2145 2048 2328 2095 menses
2351 2063 2435 2112 pro
2463 2064 2532 2098 re-

600 2124 870 2189 demptione
895 2125 1109 2189 plurima,
1129 2125 1346 2173 videlicet
1371 2142 1454 2189 pro
1473 2125 1581 2189 xvij.
1607 2125 1795 2174 milibus
1817 2125 1946 2174 libris
1968 2116 2310 2191 sterlingorum,
2327 2134 2374 2174 et
2398 2127 2531 2194 quin-

600 2220 693 2267 que
717 2203 904 2251 milibus
926 2204 1055 2252 libris
1080 2204 1179 2251 auri
1205 2203 1521 2251 desiderabilis
1544 2203 1763 2251 thesauri.

670 2282 810 2329 Anno
833 2282 1025 2330 Domini
1050 2283 1272 2330 M.cc.lxv.
1298 2290 1527 2348 regnante
1546 2283 1683 2331 tertio
1706 2282 1977 2331 Alexandro
2001 2299 2114 2349 rege
2138 2283 2403 2340 Scotorum,
2427 2301 2530 2349 pro-

600 2361 756 2409 fectus
780 2361 846 2409 est
878 2362 924 2409 in
950 2361 1255 2427 Norwagiam
1285 2361 1442 2410 miffus
1474 2361 1534 2410 ab
1560 2361 1728 2410 eodem
1759 2378 1872 2428 rege
1905 2362 2121 2411 dominus
2148 2361 2442 2427 Reginaldus
2471 2363 2531 2412 de

602 2439 844 2505 Roxburg‚
864 2441 1120 2489 monachus
1140 2441 1198 2488 de
1219 2441 1438 2496 Melros,8
1455 2442 1521 2488 vir
1540 2441 1739 2507 gloriose
1757 2441 1979 2489 facundie
1999 2449 2046 2490 et
2064 2441 2237 2490 consilii
2262 2442 2528 2506 peroptimi,

600 2536 683 2583 pro
709 2519 1007 2583 adipiscenda
1030 2528 1153 2568 terra
1176 2520 1236 2568 de
1262 2520 1479 2577 Mannia,
1503 2537 1596 2585 que
1622 2521 1730 2568 olim
1757 2520 1889 2586 regio
1913 2520 2186 2576 vocabatur,
2211 2537 2318 2568 cum
2341 2521 2531 2570 minutis

601 2599 756 2646 insulis
798 2598 1239 2664 circumjacentibus
1273 2600 1428 2664 ample
1466 2600 1647 2665 regioni
1685 2599 1971 2648 Scottorum.
2043 2598 2139 2647 Ubi
2177 2616 2285 2647 cum
2321 2599 2529 2656 venisset,

602 2685 825 2742 exceptus
867 2678 934 2726 est
968 2696 996 2726 a
1030 2695 1143 2743 rege
1179 2678 1434 2727 honorifice
1474 2679 1698 2734 multum;
1742 2679 1822 2743 qui
1854 2679 2034 2727 faciens
2076 2695 2241 2727 omnes
2281 2687 2530 2744 magnates

601 2765 721 2804 terre
746 2757 866 2806 illius
891 2758 1138 2806 convenire
1166 2757 1213 2805 in
1238 2775 1383 2806 unum
1408 2757 1468 2806 ad
1493 2758 1779 2823 colloquium
1802 2758 1951 2813 suum,
1978 2758 2199 2806 traetavit
2223 2774 2329 2806 cum
2358 2758 2447 2806 illis
2471 2757 2530 2806 de

602 2835 756 2884 insulis
780 2836 1071 2901 supradietis.
1145 2835 1200 2884 In
1225 2853 1320 2902 quo
1343 2837 1550 2885 traE'catu
1574 2853 1655 2885 rex
1687 2837 1768 2893 ait,
1793 2836 1923 2902 quod
1952 2837 2155 2885 multum
2179 2837 2422 2902 expediret
2444 2853 2528 2902 pro

602 2931 718 2978 pace
743 2915 982 2971 servanda,
1001 2923 1053 2963 ut
1077 2916 1387 2964 venderentur
1412 2916 1512 2981 regi
1536 2915 1829 2972 Scottorum3
1861 2916 1990 2981 quod
2014 2933 2122 2964 cum
2146 2915 2375 2965 audissent
2395 2931 2527 2981 mag-

603 3001 737 3042 nates
769 2995 886 3060 ejus,
911 2995 1105 3060 quidam
1137 2994 1435 3052 assenserunt,
1460 2995 1654 3061 quidam
1685 2995 2083 3052 contradixerunt,
2118 2996 2186 3044 set
2216 2995 2527 3044 invalescente

664 3085 677 3104 e
707 3086 737 3120 A
756 3093 1067 3132 cotemporaneous
1083 3087 1209 3129 bullari,
1229 3088 1264 3122 in
1282 3087 1398 3123 which
1415 3087 1477 3123 the
1501 3087 1599 3134 ssight
1615 3086 1659 3123 of
1675 3087 1737 3123 the
1760 3087 1844 3134 king
1858 3087 1901 3123 of
1918 3086 1980 3123 the
1998 3087 2155 3123 Romans
2178 3094 2218 3123 to
2233 3085 2295 3122 the
2311 3083 2476 3120 vindmill
2498 3084 2528 3119 is

601 3140 811 3181 mentioned,
831 3141 894 3176 has
909 3142 999 3177 been
1015 3143 1154 3188 printed
1170 3144 1218 3189 by
1236 3144 1383 3183 Warton,
1403 3143 1439 3178 in
1455 3143 1511 3178 his
1528 3143 1622 3178 Hiet.
1640 3144 1684 3190 qs
1691 3144 1837 3190 English
1855 3144 1992 3190 Poetry,
2010 3143 2034 3178 i.
2051 3145 2111 3181 47.
2292 3139 2311 3161 ⁸
2338 3138 2419 3174 The
2436 3138 2528 3174 Nor-

602 3194 733 3239 wegian
750 3202 898 3230 account
914 3196 956 3231 of
972 3197 1042 3231 this
1059 3197 1270 3243 expedition,
1288 3197 1475 3244 published
1497 3199 1544 3245 by
1558 3199 1752 3239 Johnstone,
1771 3209 1850 3244 says
1867 3197 2002 3244 simply,
2020 3208 2058 3244 p.
2075 3199 2130 3237 15,
2149 3195 2227 3231 that
2241 3205 2288 3230 an
2308 3192 2528 3230 arehdeaoon

604 3248 796 3293 (erkidiakn
812 3250 910 3295 einn)
924 3263 994 3286 was
1011 3258 1090 3287 sent
1104 3252 1193 3287 from
1213 3252 1423 3295 Alexander,
1439 3253 1508 3288 and
1523 3253 1619 3300 gives
1635 3264 1658 3288 a
1672 3252 1832 3289 different
1848 3251 2027 3297 colon-ing
2040 3257 2080 3287 to
2093 3249 2157 3285 the
2169 3248 2284 3286 whole
2298 3249 2524 3286 trmsaction.
