2846 3874
563 476 652 521 122
1028 469 1451 520 CHRONICA
1495 470 1596 519 DE
1642 470 2021 521 MAILROS.
2173 473 2304 524 A.D.
2347 477 2488 526 1216.

557 613 741 663 australi
766 620 898 678 parte
923 611 1082 659 Scotie
1106 610 1223 658 mira
1242 618 1290 658 et
1312 609 1525 658 inaudita
1542 610 1754 659 villarum
1778 618 1827 659 et
1844 611 2031 660 urbium
2047 612 2261 663 vastatio.
2310 616 2491 666 Audito

557 694 681 742 enim
705 692 833 758 quod
857 690 1073 738 dominus
1094 688 1368 736 Alexander
1385 705 1482 745 rex,
1512 689 1798 746 Scottorum,
1817 689 1870 739 N
1871 689 2210 740 orthumbriam
2227 691 2311 741 fibi
2333 696 2493 744 vendi-

558 772 714 827 cafl'et,
740 779 787 819 et
826 768 1104 833 humagium
1140 766 1370 816 baronum
1411 768 1464 817 N
1466 768 1753 818 orthumbrie
1794 769 2073 835 suscepisset,
2120 770 2364 822 Johannes
2410 791 2491 823 rex

559 851 750 916 Anglie,
783 848 975 913 sumptis
1006 848 1164 895 secum
1188 848 1372 896 rutariis
1396 849 1503 905 suis,
1536 849 1693 898 versus
1726 848 1938 898 Scotiam
1962 866 2071 898 cum
2102 850 2282 916 impetu
2317 869 2494 919 magno

556 930 691 978 vertit
714 929 940 977 habenas.
985 925 1165 975 Audito
1189 943 1299 975 vero
1326 928 1427 993 ejus
1452 927 1657 976 adventu
1676 928 1877 978 barones
1901 928 1961 977 de
1985 929 2138 994 patria
2157 930 2493 989 Eboraucenfi,

557 1010 638 1074 qui
656 1017 819 1057 contra
843 1009 991 1073 ipsum
1009 1007 1299 1071 juraverant,
1314 1007 1459 1055 nimio
1475 1015 1650 1056 terrore
1668 1008 1880 1073 percuffi,
1895 1008 2159 1074 praefidium
2178 1010 2354 1060 domini
2370 1013 2494 1078 regis

561 1090 829 1138 Scottorum
854 1088 1159 1152 requirentes,
1179 1087 1317 1152 ipsius
1335 1088 1637 1152 praesenciam
1657 1088 1889 1144 adierunt,
1908 1088 2134 1154 humagia
2158 1090 2240 1138 sua
2263 1092 2493 1147 fecerunt,

555 1169 830 1216 fidelitatem
855 1168 998 1216 etiam
1022 1177 1071 1216 et
1093 1167 1391 1217 securitatem
1415 1184 1579 1216 omnes
1602 1166 1735 1215 fimul
1753 1168 1895 1216 tastis
1914 1168 2191 1217 san6lmariis
2201 1170 2492 1234 juraverunt,

556 1248 621 1312 iij.
646 1247 767 1312 ydus
791 1247 1003 1317 ,Ianuarii
1033 1248 1162 1313 [Jan.
1195 1252 1270 1303 ll,
1301 1246 1500 1311 1215-6]
1529 1247 1575 1295 in
1601 1247 1809 1312 capitulo
1840 1247 2179 1297 monachorum
2211 1249 2270 1298 de
2297 1249 2491 1299 Melros.

488 1357 491 1359 -
559 1327 662 1375 Rex
701 1335 860 1375 autem
900 1327 1092 1392 Anglie,
1118 1327 1221 1393 post
1257 1327 1380 1392 ipsos
1417 1326 1751 1391 subsequenter
1777 1326 2048 1383 adveniens,
2077 1328 2210 1377 villas
2246 1346 2409 1377 eorum
2447 1338 2494 1378 et

557 1406 714 1471 opida,
746 1406 1040 1471 pofl'effiones
1072 1415 1118 1455 et
1149 1405 1313 1471 predia
1344 1405 1504 1471 gladio
1529 1406 1714 1454 vindice
1738 1406 1935 1454 vastavit
1959 1413 2006 1454 et
2037 1407 2164 1472 igne.
2238 1407 2328 1472 Ipfi
2350 1409 2494 1458 etiam

557 1486 756 1534 barones
781 1486 912 1534 villas
947 1488 1052 1534 suas
1075 1486 1286 1550 proprias
1311 1492 1358 1533 et
1382 1484 1525 1532 blada
1561 1493 1672 1533 ante
1705 1485 1960 1533 adventum
1991 1486 2132 1550 regis,
2166 1503 2227 1535 ne
2259 1487 2324 1534 illi
2350 1487 2494 1536 effent

556 1567 602 1613 in
641 1566 881 1620 auxilium,
919 1565 1293 1620 combufferunt3
1334 1572 1382 1612 et
1419 1565 1486 1612 ita
1523 1564 1706 1612 sactum
1743 1564 1811 1612 est
1847 1572 1899 1612 ut
1935 1581 2113 1630 magna
2149 1581 2256 1629 pars
2290 1566 2495 1631 regionis

554 1644 684 1692 fimul
709 1644 820 1709 igne
844 1644 1186 1692 succederetur.
1279 1642 1410 1691 Nam
1434 1642 1499 1707 iij.
1525 1642 1631 1691 idus
1655 1642 1684 1691 J
1688 1643 1869 1691 anuarii
1897 1642 1947 1708 [J
1952 1660 2027 1692 an.
2053 1643 2133 1709 11]
2163 1643 2405 1693 combusta
2429 1645 2496 1692 est

553 1723 662 1771 villa
687 1723 747 1771 de
767 1723 927 1778 Werc,
951 1740 996 1771 v.
1016 1723 1120 1771 idus
1136 1721 1345 1787 ejusdem
1368 1721 1419 1787 [J
1423 1739 1498 1771 an.
1515 1722 1567 1787 9]
1590 1721 1817 1778 Alnewic,
1835 1722 1913 1787 vij.
1934 1722 2039 1771 idus
2055 1722 2263 1788 ejusdem
2283 1722 2333 1788 [J
2337 1740 2412 1771 an.
2441 1724 2491 1788 7]

546 1802 744 1850 Mitford
769 1810 816 1850 et
842 1802 1083 1867 Morpath,
1109 1802 1217 1866 xvij.
1243 1802 1472 1850 kalendas
1499 1801 1742 1850 Februarii
1771 1801 1822 1867 [J
1826 1819 1901 1850 an.
1933 1801 2012 1867 16]
2038 1801 2365 1868 Rokesburgia
2389 1819 2495 1851 cum

554 1883 716 1930 viculis
741 1890 789 1930 et
812 1881 1042 1930 suburbiis
1066 1881 1436 1946 quamplurimis.

620 1962 767 2025 xviij0.
800 1961 1029 2009 kalendas
1056 1960 1300 2008 Februarii
1337 1959 1468 2024 [Jan.
1500 1959 1579 2024 15]
1609 1960 1734 2024 cepit
1758 1959 2002 2008 Johannes
2030 1976 2111 2008 rex
2138 1960 2314 2025 Anglie
2338 1961 2495 2009 villam

556 2049 602 2089 et
638 2040 878 2088 castellum
913 2040 973 2087 de
1011 2038 1231 2094 Berwic,d
1265 2038 1345 2087 ubi
1382 2055 1490 2087 cum
1524 2039 1709 2087 rutariis
1753 2038 1844 2087 suis
1874 2039 2022 2087 feroci
2053 2040 2190 2103 supra
2221 2038 2414 2088 modum
2447 2048 2494 2087 et

555 2120 813 2167 inhumana
837 2120 944 2167 usus
967 2118 1034 2166 est
1065 2117 1329 2182 tyrannide,
1355 2117 1593 2182 utriusque
1629 2117 1755 2166 enim
1786 2118 1921 2166 sexus
1944 2117 2158 2166 homines
2189 2119 2494 2183 quoscunque

555 2199 777 2246 satellites
801 2197 976 2245 diaboli
1012 2196 1366 2262 apprehendere
1398 2204 1668 2261 potuerunt,
1701 2197 1818 2245 alios
1842 2212 1924 2261 per
1953 2197 2172 2245 articulos
2196 2213 2422 2246 manuum
2446 2206 2493 2246 et

556 2278 731 2342 pedum
762 2276 1110 2341 suspendentes,
1147 2275 1263 2324 alios
1288 2274 1474 2324 diversis
1497 2276 1733 2341 suppliciis
1757 2282 2047 2340 torquentes,
2082 2276 2275 2324 nefandi
2304 2277 2495 2341 questus

556 2357 727 2404 intuitu
762 2355 1082 2404 immaniffime
1107 2354 1445 2404 cruciaverunt.
1518 2354 1592 2403 Ibi
1616 2355 1760 2404 etiam
1783 2353 1963 2403 Judeos
1990 2355 2146 2403 secum
2183 2354 2421 2404 adduxisse
2447 2363 2494 2404 et

556 2435 802 2500 magistros
825 2435 1011 2484 malicie
1034 2435 1138 2483 illos
1162 2434 1362 2483 effecisse
1386 2435 1599 2484 refertur.
1651 2434 1767 2483 Inde
1791 2450 1902 2483 vero
1926 2434 2234 2499 progrediens
2259 2433 2494 2483 Hadinto-

558 2516 684 2562 niam
700 2514 776 2563 die
791 2514 938 2563 tercia
957 2513 1007 2579 [J
1011 2531 1086 2562 an.
1113 2513 1194 2579 18]
1214 2513 1472 2569 combufflt,
1484 2521 1531 2562 et
1548 2513 1754 2562 Dunbar
1769 2521 1817 2562 et
1833 2513 1949 2562 alias
1963 2513 2096 2562 villas
2116 2514 2163 2562 in
2178 2514 2390 2578 partibus
2404 2514 2492 2563 illis

557 2594 712 2642 voraci
735 2594 926 2642 flamma
949 2593 1186 2642 destruxit.
1260 2593 1315 2641 In
1333 2592 1486 2641 reditu
1511 2600 1671 2642 autem
1694 2594 1776 2642 suo
1801 2592 1961 2642 rutarii
1984 2592 2069 2649 sui,
2087 2593 2279 2642 ministri
2298 2593 2489 2650 diaboli,

558 2672 799 2721 abbatiam
834 2673 893 2720 de
922 2672 1237 2738 Coldeingam
1272 2672 1641 2737 expoliaverunt,
1666 2672 1824 2721 villam
1859 2672 2002 2721 etiam
2034 2671 2095 2720 de
2120 2671 2301 2722 Berwic
2335 2673 2492 2722 succe·

558 2753 740 2808 derunt,
765 2753 862 2817 ipso
887 2769 1000 2817 rege
1025 2752 1295 2816 incipiente.
1337 2751 1549 2800 Domum
1572 2751 1713 2808 enim,
1737 2752 1785 2799 in
1809 2768 1905 2817 qua
1922 2751 2182 2817 hospitatus
2197 2751 2279 2808 est,
2304 2752 2492 2817 propria

558 2849 716 2887 manu,
741 2839 792 2879 ut
817 2831 998 2887 dicitur,
1024 2838 1188 2879 contra
1210 2847 1390 2880 morem
1412 2831 1596 2897 regium
1619 2831 1893 2880 indecenter
1916 2829 2168 2880 accendit!

625 2910 813 2960 Eodem
850 2927 991 2967 anno,
1022 2911 1182 2960 mense
1222 2910 1497 2967 Februario,
1530 2910 1748 2960 dominus
1787 2909 2062 2960 Alexander
2095 2926 2178 2959 rex
2223 2910 2491 2959 Scottorum

560 3006 665 3037 cum
689 3007 832 3038 manu
850 2990 1006 3038 valida
1024 2998 1072 3039 et
1090 2990 1299 3039 exercitu
1316 2991 1398 3039 suo
1417 2990 1630 3040 universo
1646 2990 1751 3056 post
1767 3007 1932 3056 regem
1950 2989 2127 3056 Anglie
2145 2989 2233 3038 iter
2250 2988 2489 3053 arripiens,

560 3075 729 3115 terram
760 3069 881 3117 illius
905 3071 1051 3134 usque
1070 3069 1131 3118 ad
1153 3069 1442 3126 Carleolum,
1467 3077 1515 3118 et
1545 3070 1682 3126 ultra,
1701 3070 1814 3135 igne
1836 3069 1994 3120 voraci
2016 3067 2212 3118 vastavit
2234 3074 2282 3116 et
2312 3066 2491 3115 armis&

623 3205 638 3225 ‘¹
667 3206 708 3240 In
724 3205 785 3241 the
802 3208 942 3253 margin,
965 3213 988 3228 ‘⁴
1002 3187 1075 3243 13⁹3*
1302 3208 1316 3224 ⁸
1346 3208 1378 3244 It
1395 3220 1542 3255 appears
1567 3208 1656 3244 from
1673 3220 1719 3244 an
1747 3215 1849 3256 entry
1864 3219 1961 3255 upon
1985 3206 2048 3242 the
2066 3206 2195 3242 Patent
2213 3204 2311 3240 Rolls
2328 3203 2371 3240 of
2380 3204 2487 3245 John,

558 3260 636 3294 that
659 3259 705 3294 he
722 3271 793 3295 was
822 3267 858 3296 at
875 3262 1033 3298 Berwick
1059 3274 1156 3308 upon
1181 3262 1243 3297 the
1268 3262 1356 3298 20th
1372 3263 1538 3310 Januvsy,
1565 3276 1622 3299 an.
1645 3264 1700 3302 17.
1869 3262 1884 3283 ¹
1911 3259 2131 3306 Conoeming
2155 3259 2257 3296 these
2274 3266 2489 3303 events,see

561 3316 710 3357 For-dun,
729 3316 763 3351 ii.
782 3318 840 3351 85.
985 3317 1001 3338 ⁸
1029 3318 1178 3358 Fordun,
1206 3318 1240 3351 ii.
1260 3320 1317 3353 35.
2067 3326 2080 3339 ⁰

2565 2627 2624 2663 fol.
2644 2630 2701 2663 32.
