2846 3874
524 477 615 526 116
985 474 1408 524 CHRONICA
1451 473 1552 522 DE
1603 472 1992 524 MAILROS.
2145 476 2278 525 A.D.
2309 481 2452 526 1214.

516 633 626 666 nem
645 623 936 681 perpetuam,
952 614 1070 661 mira
1087 613 1463 668 mansuetudine,
1479 613 1526 660 in
1544 613 1762 662 manibus
1779 614 1928 679 legati
1946 613 2221 671 offerebat3¹³
2244 616 2306 663 ad
2323 617 2457 682 cujus

518 694 821 760 subjefitionis
845 692 1161 740 testimonium
1186 699 1234 739 et
1268 691 1481 757 humagii
1519 692 1894 758 recognitionem
1928 692 2166 741 redditum
2189 695 2458 752 annualem,

516 775 690 822 scilicet
716 772 787 820 M.
813 788 1011 827 marcas,
1037 771 1114 836 vij.
1136 771 1310 819 scilicet
1332 788 1416 836 pro
1444 771 1624 837 Anglia
1639 779 1687 820 et
1710 772 1776 837 iij.
1796 788 1880 837 pro
1901 771 2164 838 Hybemia,
2189 789 2248 822 ex
2270 775 2458 840 proprio

519 853 695 900 talamo
723 852 836 899 Deo
861 858 908 899 et
944 852 1123 899 summo
1159 851 1368 915 pontifici
1397 858 1445 899 et
1477 851 1694 900 omnibus
1726 851 1937 917 ejusdem
1967 852 2316 910 successoribus,
2341 854 2389 902 se
2413 862 2461 903 et

518 948 680 980 omnes
698 930 898 979 heredes
921 931 1027 979 suos
1046 930 1351 986 exhibituros,
1376 938 1476 979 tam
1499 931 1595 996 ipse
1616 948 1761 997 quam
1783 940 2034 998 magnates
2057 940 2180 982 terre
2204 933 2300 989 sue,
2319 934 2461 983 tactis

518 1012 661 1059 etiam
698 1011 990 1066 sanctuariis,
1029 1011 1327 1075 pepigerunt.
1401 1010 1634 1059 Additum
1669 1012 1814 1059 etiam
1846 1012 1913 1060 est
1941 1012 1988 1060 in
2010 1013 2298 1077 juramento,
2331 1013 2461 1079 quod

517 1092 706 1155 plenam
730 1092 909 1139 faceret
933 1090 1272 1138 restitutionem
1297 1090 1522 1145 omnium,
1549 1107 1846 1156 quaecunque
1872 1091 1932 1139 ab
1957 1092 2089 1139 initio
2114 1092 2459 1142 interdictionis

518 1180 638 1219 terre
663 1172 743 1219 sue
769 1171 829 1218 ab
855 1169 1060 1219 ecclefiis
1085 1178 1132 1217 et
1157 1169 1476 1218 ecclesiasticis
1493 1170 1702 1235 personis
1734 1172 2006 1226 extorserat,
2036 1179 2083 1219 et
2117 1172 2261 1237 quod,
2286 1180 2458 1220 terram

518 1252 648 1299 suam
674 1268 702 1298 a
726 1251 917 1298 domino
941 1267 1067 1315 papa
1092 1249 1222 1315 quasi
1245 1251 1424 1297 summo
1448 1266 1562 1315 rege
1595 1250 1880 1314 inposterum
1908 1258 2107 1299 teneret.
2180 1250 2285 1299 Rex
2316 1252 2459 1317 igitur

520 1331 609 1378 hec
638 1331 796 1378 omnia
820 1329 1118 1395 promtiffime
1143 1330 1189 1377 se
1213 1330 1453 1377 facturum
1483 1330 1763 1394 pollicitans,
1797 1346 2020 1378 coronam
2043 1330 2187 1378 etiam
2210 1331 2344 1397 regni
2374 1331 2459 1379 sub

519 1410 719 1474 pedibus
743 1410 890 1475 legati
915 1408 1185 1474 ponendam
1210 1408 1436 1456 exhibuit.
1489 1409 1581 1456 Per
1605 1409 1764 1456 omnia
1788 1408 2071 1458 benedi6tus
2091 1410 2231 1457 Deus
2255 1410 2388 1459 fortis
2412 1420 2459 1459 et

520 1497 702 1554 potens,
723 1490 803 1554 qui
829 1489 1203 1553 superbiencium
1223 1489 1344 1536 colla
1362 1487 1445 1535 fibi
1470 1488 1723 1553 subjugare
1747 1496 1795 1535 et
1813 1488 2150 1536 obduratorum
2169 1489 2312 1536 corda
2329 1491 2460 1538 novit

521 1586 628 1616 cum
652 1569 850 1616 voluerit
887 1568 947 1616 ad
979 1568 1288 1632 penitentiam
1319 1568 1512 1615 vocare!
1586 1567 1690 1615 Rex
1720 1575 1881 1615 tamen
1917 1584 2013 1615 non
2043 1567 2157 1615 dum
2193 1568 2460 1634 intelligens

520 1650 565 1695 se
600 1665 772 1695 nomen
809 1647 993 1712 regium
1030 1655 1076 1694 et
1114 1646 1302 1711 pristine
1344 1646 1587 1712 dignitatis
1623 1646 1852 1695 honorem
1887 1646 2096 1702 amififl'e,
2134 1647 2243 1712 sepe
2280 1647 2461 1696 dictum

523 1727 762 1792 P[etrum]
799 1726 1054 1791 simplicem
1087 1725 1262 1774 crudeli
1294 1734 1444 1774 morte
1476 1726 1678 1774 interimi
1711 1726 1977 1791 praecepit&
2017 1726 2147 1792 quod
2185 1727 2459 1776 amariffime

518 1806 814 1871 postmodum
839 1807 886 1854 se
910 1806 1068 1854 fecifl'e
1093 1806 1309 1870 penituit,
1334 1813 1387 1854 ut
1410 1806 1605 1854 inferius
1630 1805 1960 1854 declarabitur.

589 1886 894 1934 Commissum
933 1886 1000 1934 est
1041 1886 1258 1950 proelium
1299 1885 1558 1951 campestre
1590 1886 1710 1934 inter
1750 1885 2021 1951 Philippum
2057 1902 2221 1951 regem
2262 1886 2459 1935 Francie

520 1975 565 2014 et
602 1967 843 2015 Othonem
879 1965 1120 2030 quondam
1155 1966 1488 2029 imperatorem
1526 1964 1827 2020 Alemannie,
1863 1965 1940 2013 die
1976 1965 2212 2014 dominica
2246 1967 2459 2031 proxima

519 2047 621 2111 post
655 2046 825 2094 festum
860 2046 1009 2094 sancti
1049 2044 1235 2100 Jacobi,
1272 2062 1329 2092 eo
1367 2062 1490 2092 anno
1519 2045 1581 2109 vj.
1614 2044 1845 2093 kalendas
1879 2045 2083 2110 Augusti
2119 2045 2235 2109 [Jul.
2269 2045 2374 2110 27]‚
2411 2047 2458 2093 in

522 2125 752 2173 Flandriis
788 2125 907 2172 inter
935 2124 1208 2172 Tornacum
1243 2131 1291 2172 et
1326 2132 1520 2189 pontem
1551 2124 1611 2172 de
1638 2123 1888 2172 Bouines.k
1958 2124 2011 2171 In
2046 2124 2125 2171 illo
2158 2132 2318 2172 autem
2350 2141 2459 2172 con-

519 2205 667 2259 flictu,
693 2211 831 2269 prout
855 2203 1027 2269 scripfit
1052 2204 1284 2268 dompnus
1311 2203 1375 2251 H.
1403 2203 1551 2251 abbas
1577 2203 1635 2251 de
1655 2202 1945 2268 Urflcampo,
1971 2203 2178 2268 dompno
2205 2203 2268 2251 A.
2295 2203 2457 2252 abbati

526 2283 807 2333 Cisterfienfi
832 2283 957 2348 capti
982 2284 1086 2331 sunt
1118 2300 1176 2331 ex
1208 2290 1342 2348 parte
1370 2283 1574 2331 Othonis
1603 2299 1761 2331 comes
1787 2281 2024 2339 Flandrie,
2057 2299 2216 2331 comes
2243 2282 2458 2339 Bolonie,

522 2380 679 2411 comes
709 2362 959 2417 Salisbirie‚
986 2379 1144 2411 comes
1169 2362 1228 2411 de
1255 2362 1586 2418 Tenekebroc,
1611 2378 1770 2410 comes
1796 2362 2005 2418 Pilosus;
2038 2363 2163 2427 capti
2187 2363 2291 2410 sunt
2315 2363 2459 2411 etiam

521 2444 721 2491 barones
747 2449 794 2491 et
818 2442 1048 2490 baronum
1070 2442 1151 2490 filii
1176 2442 1235 2490 de
1256 2442 1494 2498 FlandrIa,
1520 2442 1580 2490 de
1602 2441 1869 2498 Alemania,
1893 2442 2112 2490 meliores
2136 2449 2183 2490 et
2206 2442 2459 2491 nobiliores

522 2540 684 2571 omnes
718 2522 890 2570 milites
921 2522 1103 2588 egregii
1138 2523 1185 2570 in
1221 2522 1323 2570 acie
1358 2529 1683 2587 provocantes,
1719 2538 1838 2586 quos
1862 2522 1958 2587 ipse
1994 2520 2142 2570 abbas
2165 2522 2459 2570 numerando

521 2606 778 2654 nominavit
813 2606 913 2654 fere
949 2606 1156 2671 scepcies
1188 2605 1289 2653 xxti.
1375 2604 1451 2653 Ex
1482 2612 1616 2670 parte
1660 2604 1865 2653 Othonis
1900 2612 2034 2653 erant
2068 2596 2176 2654 ffi.
2231 2605 2454 2670 [30,000]

522 2690 734 2753 equitum
766 2697 813 2737 et
835 2679 907 2738 ἆ.
955 2687 1211 2754 [2ΟΟ,ΟΟΟ]
1253 2687 1481 2753 peditum,
1516 2704 1738 2736 numerus
1772 2687 1973 2736 militum
2008 2695 2254 2753 captorum
2285 2687 2459 2743 cc.xx‘¹',

523 2769 879 2818 interfectorum
907 2769 1108 2817 militum
1131 2768 1225 2823 lxx,
1255 2766 1469 2833 peditum
1492 2767 1848 2816 interfefitorum
1873 2767 1958 2832 iij2.
1984 2767 2131 2816 millin
2154 2767 2364 2823 milium3
2401 2766 2461 2815 de

526 2848 718 2897 Francis
743 2857 903 2898 autem
926 2856 1020 2897 tres
1050 2847 1220 2896 milites
1254 2854 1455 2896 tantum.
1527 2847 1609 2895 De
1633 2863 1748 2912 rege
1781 2853 1940 2895 autem
1966 2846 2164 2896 Francie
2199 2864 2361 2896 verum
2395 2846 2463 2895 est

524 2929 650 2992 quod
675 2929 734 2977 de
760 2946 884 2994 equo
910 2928 1127 2993 dejectus
1151 2927 1323 2976 corruit
1346 2927 1466 2975 inter
1489 2926 1703 2975 inimicos
1725 2927 1832 2975 suos
1856 2925 2202 2982 crudeliffimos,
2221 2926 2302 2991 qui
2319 2925 2461 2973 nichil

526 3008 651 3055 aliud
675 3008 899 3057 siciebant
924 3025 1068 3074 quam
1091 3008 1194 3073 ejus
1216 3007 1510 3072 sanguinem.
1586 3006 1684 3055 Sed
1709 3006 1866 3055 divina
1883 3006 2203 3061 miseracione,
2228 3011 2276 3053 et
2298 3011 2350 3052 ut
2363 3003 2460 3068 ipse

526 3086 819 3149 postmodum
851 3087 1083 3136 confessus
1111 3087 1194 3143 est,
1231 3085 1547 3136 Cistercienfis
1579 3085 1754 3135 ordinis
1787 3085 1914 3151 apud
1947 3085 2111 3134 Deum
2141 3081 2460 3132 interceffione

570 3187 586 3206 ¹¹
607 3188 795 3234 Kuyghton,
815 3189 881 3223 col.
901 3192 1016 3230 24l9;
1036 3190 1186 3230 Fordun,
1206 3189 1241 3223 ii.
1254 3191 1312 3223 24.
1343 3188 1378 3223 A
1393 3187 1500 3223 much
1517 3199 1614 3223 more
1631 3187 1746 3234 ample
1763 3193 1915 3223 account
1931 3185 1974 3222 of
1982 3185 2045 3221 the
2059 3184 2285 3232 proceedings
2301 3184 2462 3219 between

522 3242 618 3277 John
634 3242 704 3277 and
722 3242 878 3277 Pandulf
886 3255 966 3289 may
981 3245 1026 3278 be
1042 3243 1153 3278 found
1168 3243 1205 3277 in
1220 3242 1283 3278 the
1309 3243 1481 3278 Chronicle
1493 3242 1736 3288 quanercoet.
1880 3241 1891 3262 ¹
1910 3241 2062 3282 For-dun,
2076 3239 2111 3274 ii.
2126 3241 2168 3280 ὃς
2188 3239 2379 3286 Κημςῆέοη,
2393 3239 2460 3274 col.

523 3300 629 3332 2424.
787 3297 802 3317 ¹¹
825 3298 1043 3343 Coneeming
1057 3298 1120 3333 the
1135 3297 1245 3333 battle
1262 3296 1304 3333 of
1316 3297 1507 3338 Bouvines,
1534 3307 1594 3332 see
1625 3297 1726 3343 Velly,
1745 3295 1793 3332 iii.
1811 3295 1900 3336 47⁵;
1930 3295 2099 3342 Anquetil,
2126 3294 2161 3330 ii.
2184 3296 2269 3335 182;
2298 3294 2417 3336 L’Art,
2436 3295 2460 3330 i.

522 3355 610 3392 581;
638 3353 695 3387 M.
718 3354 828 3393 Paris,
847 3363 883 3398 p.
902 3354 979 3387 165.

2533 1347 2592 1381 fol.
2613 1349 2670 1381 30.
