2852 3874
4 431 18 525 ᾖξαν·
0 382 19 427 ἳό.«
0 93 23 377 *lizfflfflr
0 0 19 92 {3123}

5 3508 29 3702 «ffir2-51.,;-.
14 3436 22 3477 w
11 3371 25 3414 -,

0 3762 31 3874 ὃῖἰᾶὶϊὲῤ,
32 3743 33 3746 „
2 3716 31 3726 J

195 854 254 888 sol.
274 857 306 887 4.

391 465 533 514 AD.
571 470 683 514 820.
890 466 1316 518 CHRONICA
1362 469 1455 519 DE
1502 470 1883 522 MAILROS.
2263 482 2318 525 15

462 602 605 650 Anno
631 620 765 652 neec,
770 620 846 652 xx.

460 681 602 730 Anno
627 698 760 731 Dece.
787 683 881 772 xxj.
912 683 1098 733 Cenwlf
1116 701 1198 733 rex
1224 685 1512 735 Merciorum
1536 687 1667 744 obiit,
1693 689 1768 737 cui
1797 688 2051 738 Ceolwlfus
2075 690 2298 740 succeflit.

461 760 603 809 Anno
630 778 764 811 Dccc.
767 763 879 828 xxij.

460 839 602 888 Anno
628 857 760 889 Dccc.
765 842 893 906 xxiij.
923 841 1177 890 Ceolwlfus
1200 859 1398 908 regnum
1435 845 1723 894 Merciorum
1759 847 1907 895 amifit
1930 849 2058 912 quod
2094 850 2137 897 ei
2170 849 2315 898 Beor-

391 919 548 967 nulfus
572 919 778 984 diripuit.

458 998 600 1046 Anno
625 998 906 1062 Dccc.xxiiij.
945 997 1159 1063 Estangli
1184 999 1456 1048 occiderunt
1488 1000 1797 1050 Beornulfum
1826 1020 1988 1069 regem
2019 1005 2307 1055 Merciorum

390 1072 436 1118 in
461 1071 624 1135 prelio,
650 1072 725 1118 cui
749 1070 958 1119 successit
983 1070 1228 1120 Luceden.

456 1149 641 1197 Eodem
657 1166 780 1197 anno
812 1151 1068 1198 maximum
1092 1151 1289 1215 prelium
1307 1152 1396 1199 fuit
1420 1153 1538 1201 inter
1559 1153 1776 1203 Britones
1800 1163 1847 1204 et
1871 1164 2062 1220 gentem
2082 1157 2303 1206 Dauene-

388 1229 502 1276 scire
526 1228 653 1293 apud
681 1228 1016 1278 Gauelforde.⁸

457 1307 694 1373 Egbertus
718 1325 799 1356 rex
822 1308 1182 1357 Westsaxonum
1205 1310 1388 1374 fugavit
1410 1309 1697 1360 Baldredum
1722 1329 1883 1379 regem
1903 1313 2102 1369 Cantiae‚
2123 1323 2170 1362 et
2195 1316 2312 1363 obti-

389 1387 490 1435 nuit
514 1404 714 1452 regnum
738 1387 858 1452 ejus.

453 1466 594 1515 Anno
620 1484 863 1515 Dccc.xxv.
894 1466 1120 1516 Luceden
1143 1484 1224 1517 rex
1260 1468 1548 1517 Merciorum
1573 1470 1750 1519 occisus
1786 1471 1867 1526 est,
1902 1479 1948 1520 et
1972 1473 2180 1536 quinque
2205 1490 2313 1520 con-

385 1546 505 1594 sules
529 1546 630 1610 ejus
655 1562 763 1594 cum
787 1563 861 1594 eo.
937 1546 1110 1595 Wilact
1133 1547 1355 1595 succeffit.

453 1624 596 1673 Anno
622 1626 883 1690 Dccc.xxvj.

453 1704 594 1751 Anno
615 1704 891 1769 nccc.xxvij.
920 1704 1158 1769 Egbertus
1190 1722 1270 1753 rex
1295 1706 1656 1754 occidentalium
1681 1707 1920 1755 Saxonum
1945 1710 2128 1773 fugavit
2149 1710 2303 1758 Wilac

384 1799 546 1847 regem
571 1783 875 1838 Merciorum,
901 1792 948 1831 et
972 1783 1174 1831 obtinuit
1198 1801 1396 1849 regnum
1420 1785 1538 1849 ejus.

454 1859 596 1909 Anno
622 1862 915 1926 Dccc.xxviij.
952 1879 1032 1910 rex
1058 1862 1297 1927 Egbertus
1332 1871 1487 1911 motus
1522 1864 1714 1927 pietate,
1743 1864 1899 1913 Wilac
1938 1867 2037 1930 regi
2076 1867 2308 1914 Merciam

385 1940 603 1989 conceffit
626 1949 787 1989 tenere
811 1941 871 1989 de
895 1942 957 1989 se.

453 2021 562 2076 Quo
588 2037 728 2075 anno,
753 2020 879 2068 idem
903 2037 984 2068 rex
1010 2019 1249 2085 Egbertus
1272 2020 1355 2069 fibi
1371 2020 1713 2069 Nordwalanos
1738 2030 1931 2070 armatae
1955 2039 2136 2076 manus
2149 2032 2311 2087 poten-

384 2101 450 2148 tia
473 2099 759 2165 subjUgavit.

453 2179 594 2226 Anno
619 2196 753 2227 Dece.
758 2179 881 2226 xxix.
924 2178 1140 2227 Wlfredo
1166 2179 1513 2244 archiepiscopo
1557 2179 1898 2228 Cantuafienfiu
1935 2180 2163 2228 defuncto
2217 2182 2307 2229 Ce-

385 2258 642 2306 olnothusw
657 2257 880 2306 succeffit.

453 2338 594 2385 Anno
619 2354 863 2386 Dccc.xxx.

453 2416 594 2464 Anno
620 2417 883 2480 Dccc.xxxj.

453 2495 594 2543 Anno
620 2495 898 2560 Dccc.xxxij.
921 2495 1044 2544 Daci
1069 2496 1305 2544 redierunt
1329 2497 1376 2544 in
1397 2496 1639 2561 Angliam,
1665 2504 1711 2544 et
1735 2496 2045 2560 predaverunt
2071 2496 2305 2561 Peseige.¹

453 2574 594 2621 Anno
619 2574 916 2639 Dccc.xxxiij.
943 2574 1128 2623 advecti
1147 2575 1251 2623 sunt
1271 2574 1400 2623 Dani
1425 2591 1533 2623 cum
1551 2591 1687 2623 xxxv.
1713 2574 1948 2639 puppibus
1966 2575 2151 2640 magnis
2183 2577 2308 2640 apud

390 2654 627 2707 Kartum,y
651 2661 815 2700 contra
845 2670 966 2718 quos
1001 2654 1230 2718 pugnavit
1268 2653 1507 2719 Egbertus
1539 2671 1636 2709 rex,
1661 2653 1741 2702 sed
1766 2653 2113 2718 prevalentibus
2138 2655 2205 2702 eis
2229 2671 2307 2718 pe-

387 2734 560 2780 rierunt
584 2748 641 2779 ex
676 2739 809 2795 parte
835 2731 1034 2796 Egberti
1059 2733 1263 2796 episcopi
1299 2733 1393 2780 duo
1421 2732 1716 2781 Herefridus²
1748 2740 1795 2780 et
1824 2732 2103 2798 Wigfridus‚
2137 2741 2183 2780 et
2215 2733 2307 2779 duo

387 2813 531 2859 duces
552 2810 730 2858 Dudda
749 2817 797 2858 et
825 2809 1076 2858 Osmodus.

455 2891 597 2938 Anno
628 2888 938 2952 Dccc.xxxiiij.
972 2889 1098 2936 venit
1135 2889 1313 2936 navalis
1345 2889 1576 2937 exercitus
1614 2889 1860 2937 Danorurn
1889 2890 1935 2935 in
1976 2888 2306 2944 VVestwaliam,

435 3021 446 3036 ¹
468 3020 663 3065 According
687 3027 725 3055 to
751 3019 888 3058 Gizama,
908 3018 977 3053 this
994 3019 1023 3053 is
1043 3018 1250 3059 Camelford‚
1281 3018 1443 3065 formerly
1471 3017 1672 3059 Gaffelford‚
1701 3019 1737 3053 in
1769 3018 1954 3053 Cornwall.
2134 3018 2146 3038 ‘
2170 3019 2305 3064 Wiglaf.

387 3080 467 3112 Saae.
488 3077 606 3112 clu-on.
722 3074 739 3088 ¹¹
761 3073 1030 3109 cantuariensi?
1154 3072 1175 3086 '¹
1197 3073 1276 3107 The
1297 3073 1482 3108 Chronicle
1498 3073 1600 3108 omits
1612 3079 1649 3108 to
1662 3074 1778 3108 notice
1793 3073 1980 3118 Feologild,
1996 3072 2078 3107 who
2091 3084 2162 3107 was
2174 3073 2310 3108 elected

385 3144 432 3167 on
448 3132 510 3167 the
536 3131 624 3165 25th
647 3129 690 3165 of
712 3129 822 3176 April,
853 3129 922 3164 and
948 3129 1027 3164 died
1053 3140 1148 3174 upon
1174 3128 1235 3163 the
1262 3128 1349 3163 3oth
1375 3127 1418 3162 of
1440 3128 1588 3173 August.
1648 3130 1730 3163 Saae.
1757 3129 1876 3163 chron.
2093 3126 2109 3141 ¹
2131 3128 2305 3174 Sceapige,

386 3189 467 3223 δικ.
494 3187 612 3222 Chr-on.
624 3201 638 3225 ‚·
675 3197 756 3220 now
785 3185 935 3230 Shepey,
965 3184 1000 3218 in
1039 3184 1146 3218 Kent.
1307 3182 1322 3202 ’
1343 3183 1435 3218 Now
1454 3182 1684 3224 Charmouth,
1711 3183 1748 3217 in
1776 3181 2009 3217 Dorsetshire.
2086 3181 2099 3195 ⁸
2123 3180 2307 3217 Herefertli

384 3242 454 3277 and
482 3242 619 3287 Wigen,
649 3242 729 3276 δατ.
741 3241 886 3279 01ινοη.,·
911 3241 974 3274 but
999 3239 1061 3274 the
1088 3239 1190 3274 Laud
1212 3239 1282 3274 and
1322 3239 1406 3274 cett.
1442 3238 1554 3273 MSS.
1585 3238 1675 3272 have
1704 3237 1886 3283 Wigferth,
1918 3237 1989 3272 and
2016 3236 2104 3271 such
2129 3248 2241 3271 seems
2270 3244 2307 3270 to

387 3297 477 3332 have
493 3297 583 3332 been
598 3296 661 3331 the
677 3295 817 3340 reading
833 3294 875 3329 of
885 3294 946 3330 the
963 3305 1053 3340 copy
1069 3293 1252 3340 employed
1269 3293 1304 3328 in
1321 3293 1382 3328 the
1399 3293 1583 3328 formation
1601 3292 1642 3327 of
1653 3293 1714 3328 the
1730 3299 1805 3328 text
1822 3291 1864 3327 of
1875 3303 1939 3328 our
1959 3291 2154 3327 Chronicle.
