2904 3886
548 520 645 564 218
739 559 747 577 ι
1017 497 1588 565 CHRONICADE
1638 513 2022 565 MAILRos.
2177 517 2495 574 A.n.1-27o.

554 653 615 702 de
638 653 930 702 Christianis.
986 653 1164 702 Di6'cus
1182 653 1293 701 vero
1318 652 1542 701 Sulianus
1565 652 1693 701 venit
1715 652 1981 701 Acconiam
1998 653 2225 702 nunciare
2245 653 2508 717 Eduuardo

554 734 683 799 quod
707 734 999 782 habitatores
1028 732 1275 798 cujusdam
1308 732 1453 789 urbis,
1479 749 1574 798 que
1597 741 1794 781 vocatur
1823 732 2054 789 Caconia,
2079 750 2187 782 curn
2211 733 2440 800 gregibus
2462 742 2510 783 et

557 813 781 862 armentis
807 813 1082 861 animalium
1104 813 1246 879 juxta
1269 813 1422 879 patrie
1445 813 1587 862 ritum
1612 813 1674 862 ad
1697 813 1986 879 pascendum
2010 831 2068 863 ea
2085 814 2189 879 jam
2213 814 2424 864 exierant
2450 814 2511 863 ad

555 894 802 941 nemorosa
826 893 934 942 loca
961 893 1040 942 ubi
1064 892 1149 942 fibi
1174 893 1375 942 fixerant
1400 893 1714 942 tabernacula
1737 894 1903 943 multa.
1979 894 2140 943 Semel
2164 894 2291 943 enim
2314 895 2362 943 in
2387 911 2512 944 anno

556 973 687 1021 simul
715 981 892 1022 exeunt
915 973 1071 1022 incole
1104 974 1231 1023 illius
1256 974 1459 1024 civitatis
1484 974 1546 1022 ad
1571 974 1869 1040 spatiandum
1893 973 1977 1023 fibi
2008 982 2200 1040 propter
2225 974 2346 1023 aeris
2369 975 2513 1024 bene-

557 1054 713 1101 ficium
739 1053 800 1101 ad
825 1054 940 1102 talia
957 1054 1081 1110 loca,
1100 1054 1231 1103 fimul
1253 1062 1300 1103 et
1325 1071 1490 1103 omnes
1514 1055 1845 1120 regrediuntur
1864 1054 1926 1103 ad
1944 1054 2197 1104 civitatem.
2261 1055 2515 1104 Tendente

559 1151 674 1199 ergo
701 1134 964 1182 Eduuardo
1003 1135 1163 1183 versus
1196 1134 1506 1183 tabernacula
1542 1135 1860 1200 spatiantium,
1886 1152 1980 1200 que
2015 1143 2150 1184 erant
2184 1135 2351 1184 itinere
2375 1135 2515 1184 trium

560 1215 742 1262 dierum
777 1214 838 1263 ab
868 1214 1103 1270 Aeconia,
1130 1215 1191 1264 de
1222 1215 1299 1264 die
1325 1215 1511 1263 delituit
1543 1215 1590 1263 in
1622 1215 1738 1263 locis
1763 1215 1926 1280 opacis
1949 1215 2042 1264 five
2073 1203 2343 1272 nemorosis,
2375 1224 2515 1281 prout

561 1295 813 1343 instructus
842 1296 999 1344 fuerat
1024 1313 1053 1343 a
1084 1295 1298 1351 Suliano,
1332 1303 1524 1361 propter
1554 1303 1735 1344 metum
1759 1295 2072 1344 multitudinis
2095 1313 2408 1363 paganorum,
2434 1297 2514 1362 qui

562 1375 656 1423 cito
681 1383 938 1440 potuerunt
970 1376 1264 1424 confundere
1297 1377 1588 1441 paucitatem
1619 1375 1990 1424 Christianorum
2015 1376 2095 1441 qui
2121 1394 2229 1425 cum
2253 1377 2333 1425 illo
2358 1385 2514 1432 erant;

561 1472 656 1502 non
683 1455 808 1503 enim
834 1455 1046 1504 habebat
1071 1457 1229 1504 secum
1262 1456 1345 1504 nifi
1378 1473 1558 1521 paucos
1582 1456 1858 1521 peregrinos
1889 1473 1997 1504 cum
2026 1456 2329 1505 electioribus
2352 1458 2515 1522 populi

567 1535 890 1584 Acconienfis.
965 1536 1044 1584 De
1068 1536 1213 1584 nocte
1239 1536 1382 1602 igitur
1406 1537 1507 1584 iens
1533 1543 1649 1591 erat,
1676 1543 1727 1584 ut
1750 1535 1813 1584 fic
1837 1536 2171 1585 deluderentur
2202 1537 2379 1602 pagani
2404 1537 2517 1586 dum

566 1616 839 1680 ignorarent
863 1616 1055 1664 semitas
1080 1616 1297 1664 tranfitus
1322 1616 1440 1682 ejus.
1513 1616 1724 1665 Veniens
1757 1617 1899 1682 igitur
1924 1617 2133 1682 quodam
2164 1618 2344 1666 summo
2375 1634 2517 1666 mane

566 1696 625 1742 ad
658 1695 764 1744 loca
796 1697 1143 1761 prenominata,
1178 1697 1356 1745 invenit
1386 1697 1674 1746 Sarracenos
1704 1705 1751 1746 et
1783 1715 1953 1746 uxores
1982 1715 2144 1745 eorum
2175 1715 2283 1746 curn
2314 1698 2518 1763 parvulis

566 1777 656 1824 suis
681 1778 727 1824 in
752 1777 897 1833 lecto,
923 1794 1043 1842 quos
1069 1794 1249 1833 omnes,
1277 1785 1328 1825 ut
1351 1778 1508 1826 hostes
1537 1777 1802 1826 Christiane
1827 1778 1953 1834 fidei,
1979 1778 2152 1827 occidit
2176 1778 2223 1826 in
2249 1796 2328 1827 ore
2353 1779 2516 1845 gladii.

569 1857 678 1904 Post
714 1875 914 1922 quorum
951 1858 1335 1907 interfectionem
1372 1859 1479 1906 tulit
1513 1860 1670 1907 secum
1709 1859 1769 1907 ad
1809 1858 2073 1907 Acconiam
2110 1860 2269 1907 omnia
2305 1868 2518 1908 armenta

568 1955 731 1985 eorum
757 1946 805 1986 et
829 1955 1002 2003 greges
1028 1956 1136 1986 curn
1162 1939 1291 1987 omni
1317 1939 1634 2004 suppellectili
1669 1939 1871 1995 illorum,
1895 1939 2078 1987 nullum
2103 1957 2161 1987 ex
2186 1940 2403 1989 omnibus
2434 1940 2518 1989 ho-

567 2018 770 2066 minibus
806 2019 964 2066 secum
1001 2019 1307 2068 existentibus
1346 2019 1567 2068 amittens
1602 2027 1758 2085 preter
1799 2037 1946 2068 unum
1986 2020 2289 2086 armigerum,
2325 2021 2516 2069 nomine

568 2098 875 2154 Nicholaum‚
902 2099 982 2163 qui
1009 2107 1109 2147 erat
1135 2100 1339 2165 armiger
1373 2099 1617 2164 cujusdam
1646 2100 1806 2149 militis
1831 2100 1891 2148 de
1922 2100 2083 2148 Scotia
2109 2101 2309 2156 oriundi,
2335 2102 2410 2149 cui
2434 2119 2516 2150 no·
2548 2103 2551 2105 Α

567 2195 675 2225 men
709 2186 810 2226 erat
844 2178 1118 2226 Alexander
1151 2179 1210 2227 de
1248 2179 1414 2227 Setun.
1489 2179 1573 2227 Ille
1610 2187 1770 2228 autem
1807 2180 2010 2245 armiger
2045 2197 2152 2228 cum
2185 2180 2457 2230 declinasset
2490 2201 2517 2230 a

568 2259 796 2306 comitatu
820 2258 1192 2307 Christianorum
1218 2259 1278 2307 ad
1303 2260 1604 2325 purgandum
1625 2260 1797 2315 alvum,
1823 2261 2005 2308 scutum
2030 2260 2207 2308 domini
2232 2261 2299 2309 sui
2324 2270 2517 2327 portans

570 2340 629 2386 ad
656 2339 840 2387 dorsum
867 2339 914 2386 in
940 2356 1082 2404 equo,
1116 2357 1227 2388 mox
1253 2347 1420 2405 captus
1445 2339 1512 2388 est
1537 2358 1565 2388 a
1590 2341 1754 2406 paucis
1789 2340 1991 2406 paganis
2025 2340 2350 2390 habitantibus
2379 2342 2518 2407 juxta

570 2421 656 2467 iter
685 2437 768 2484 per
793 2420 923 2484 quod
952 2419 1207 2468 Christiani
1234 2420 1336 2485 jam
1368 2420 1644 2469 transierant
1675 2416 1868 2469 minime
1895 2420 1974 2468 vifi
1998 2439 2026 2469 a
2055 2422 2271 2486 paganis,
2297 2439 2418 2487 quos
2441 2440 2519 2472 oc-

572 2499 782 2548 cidiffent
812 2499 1064 2548 Christiani
1089 2500 1122 2548 fi
1146 2501 1250 2549 illos
1274 2500 1510 2557 vidiffent3
1544 2501 1829 2567 armigerum
1854 2508 2015 2550 autem
2040 2502 2170 2550 illum
2195 2519 2338 2567 quem
2362 2505 2520 2552 secum

572 2581 870 2629 abduxerunt
893 2581 1071 2647 pagani
1097 2581 1158 2629 ab
1183 2582 1262 2629 illo
1288 2581 1364 2630 die
1388 2598 1483 2629 non
1508 2581 1726 2630 viderunt
1755 2581 2020 2631 Christiani.

639 2662 881 2710 Gloriosus
900 2679 1010 2710 vero
1026 2662 1161 2710 miles
1177 2662 1395 2711 dominus
1412 2661 1700 2711 Eduuardus
1718 2680 1944 2728 magnam
1959 2664 2039 2711 sue
2055 2663 2219 2712 militie
2235 2664 2519 2729 probitatem

571 2744 615 2789 in
641 2742 809 2790 diebus
833 2742 923 2790 illis
954 2741 1136 2790 fecifl'et
1168 2743 1304 2807 super
1328 2759 1566 2808 paganos3
1602 2750 1703 2791 erat
1728 2743 1854 2791 enim
1878 2750 1992 2792 tunc
2023 2744 2247 2809 temporis
2271 2744 2402 2810 quafi
2433 2746 2519 2794 flos

572 2824 714 2871 totius
739 2822 901 2870 mundi
926 2823 974 2870 in
998 2822 1274 2871 strenuitate
1298 2823 1364 2872 rei
1389 2823 1601 2872 militaris
1625 2823 1658 2872 fi
1681 2823 1915 2872 habuisset
1938 2825 2204 2873 succursum
2233 2824 2519 2875 Christiano-

576 2920 675 2950 rum
705 2920 824 2968 quos
849 2902 1143 2951 subtraxerat
1175 2903 1219 2951 ei
1251 2918 1332 2951 rex
1362 2903 1547 2959 Cicilie,
1577 2903 1787 2969 proditor
1816 2903 2171 2969 Christianismi,
2199 2905 2403 2955 Karolus
2434 2923 2517 2954 no-

574 2984 716 3039 mine,
740 2985 885 3032 frater
908 2984 1034 3049 regis
1060 2984 1350 3032 Francorum
1378 2983 1635 3033 Lodowici.
1708 2984 1800 3032 Per
1824 2984 1950 3032 hunc
1973 2985 2100 3033 enim
2124 2984 2518 3034 subtrahebantur

578 3063 837 3111 Eduuardo
863 3065 1038 3112 auxilia
1056 3064 1342 3113 diversarum
1360 3064 1622 3120 nationum,
1638 3063 1792 3113 silicet
1817 3064 2001 3121 Cicilie,
2023 3064 2249 3131 Appulie,
2277 3063 2516 3120 Calabrie‚

576 3152 622 3191 et
652 3132 811 3191 Ytalie
846 3152 1036 3209 propter
1071 3144 1317 3192 avaritiam
1343 3143 1524 3200 Karoli,
1549 3144 1631 3210 qui
1667 3151 1918 3210 acceperat
1952 3162 1982 3193 a
2014 3145 2216 3210 paganis
2247 3143 2518 3192 thesaurum

502 3239 506 3242 ·
576 3223 713 3273 nimis
737 3240 964 3288 magnum
989 3231 1248 3290 antequam
1271 3231 1466 3275 venerat
1491 3223 1780 3274 Eduuardus
1803 3232 1856 3273 ut
1879 3230 2176 3290 expugnaret
2202 3239 2300 3272 eos.
2373 3222 2516 3273 Ratio

578 3311 737 3353 autem
773 3302 975 3351 thesauri
1011 3303 1194 3368 accepti
1227 3311 1328 3352 erat
1360 3310 1411 3353 ut
1445 3303 1650 3358 inducie,
1687 3320 1806 3368 quas
1843 3302 2071 3368 petebant
2105 3302 2352 3352 Sarraceni
2387 3313 2440 3352 ut
2470 3305 2517 3353 se

2560 2345 2620 2379 fol.
2642 2347 2697 2382 73.
2718 2346 2751 2380 b.
