2904 3886
363 478 494 527 A.D.
533 481 644 533 897.
803 474 1290 526 CHRONICON
1339 473 1858 524 RYTHMICUM.
2209 479 2306 522 225

425 618 568 667 Anno
593 620 849 684 Dcccxcvij.
888 618 1004 667 obiit
1032 594 1154 682 Grig
1190 617 1459 665 Scottorum
1492 632 1595 671 rex;
1630 632 1712 664 rex
1749 615 2021 664 Scottorum
2056 615 2301 663 Douenal-

357 699 444 747 dus
467 699 590 747 filius
619 699 932 748 Constantini.

589 859 698 908 Post
722 860 848 907 hunc
871 860 919 906 in
949 858 1112 906 Scotia
1136 858 1351 923 regnavit
1375 874 1456 906 rex
1483 857 1819 912 Douenaldus;

654 938 750 987 Hic
778 938 1088 987 Constantino
1112 937 1235 986 filius
1259 936 1559 1001 ort[us]erat.

588 1019 642 1066 In
666 1019 776 1067 villa
799 1020 946 1066 fertur
970 1034 1051 1065 rex
1075 1017 1160 1065 iste
1184 1016 1349 1081 perifl'e
1377 1015 1582 1072 Forenfi,

654 1098 921 1146 Undecimo
946 1097 1081 1162 regni
1106 1097 1201 1144 sole
1226 1103 1412 1144 rotante
1438 1097 1526 1144 sui.

420 1258 560 1305 Anno
598 1257 841 1321 Dccccviij.
880 1257 1050 1304 eodem
1092 1273 1216 1304 anno
1253 1257 1390 1321 periit
1428 1256 1699 1304 Dofnaldus
1736 1273 1816 1304 rex
1859 1256 2152 1306 Scottorum:
2195 1259 2298 1333 pos}

349 1355 491 1402 quem
516 1355 597 1386 rex
627 1338 897 1386 Scottorum
926 1336 1265 1385 Constantinus
1288 1336 1411 1385 filius
1438 1335 1583 1385 Hedi.

584 1498 920 1546 Constantinus
945 1497 1074 1552 item,
1101 1497 1235 1562 cujus
1259 1505 1394 1562 pater
1421 1497 1534 1545 Hed
1558 1498 1647 1545 fuit
1675 1497 1844 1553 Albus,

647 1577 731 1626 Bis
755 1577 874 1625 deca
900 1575 1005 1625 Rex
1030 1577 1166 1626 annis
1189 1578 1368 1625 vixerat
1393 1586 1537 1643 atque
1561 1578 1743 1626 decem.

583 1658 776 1707 Andree
800 1657 951 1705 sancti
975 1657 1065 1705 fuit
1088 1656 1165 1705 hic
1189 1657 1507 1722 quinquennis
1532 1658 1579 1706 in
1604 1658 1743 1714 urbe3

647 1738 910 1804 Religionis
939 1736 1046 1802 [ibi]
1069 1737 1176 1802 jure
1199 1737 1360 1786 fruens
1385 1737 1525 1785 obiit„

419 1901 562 1948 Anno
589 1898 853 1962 Dccccxliij.
892 1897 1008 1945 obiit
1038 1897 1375 1946 Constantinus
1403 1898 1507 1946 Rex
1538 1899 1823 1947 Scottorum.

580 2059 708 2107 Huic
733 2075 814 2106 rex
840 2057 1127 2107 Malcolmus
1151 2058 1360 2107 succeffit
1384 2067 1454 2107 ter
1478 2060 1626 2108 tribus
1652 2062 1801 2117 annis,

647 2139 795 2204 Regis
822 2137 1054 2186 Dofnaldi
1077 2138 1200 2186 filius
1224 2138 1302 2186 ille
1327 2139 1432 2186 fuit.

582 2219 926 2266 Interfecerunt
950 2218 998 2265 in
1023 2217 1154 2266 ulum
1180 2217 1336 2266 huncb
1361 2218 1714 2269 Morauienses:

647 2298 818 2346 Gentis
844 2297 1102 2362 apostatice
1127 2298 1295 2347 fraude
1321 2298 1528 2364 doloque
1553 2299 1695 2348 cadit.

417 2461 557 2507 Anno
582 2458 796 2522 Dcccclij.
834 2475 916 2505 rex
945 2458 1216 2506 Scottorum
1242 2458 1530 2507 Malcolmus
1553 2460 1839 2508 interficitur.

582 2618 692 2665 Post
716 2618 842 2665 hunc
869 2616 1084 2666 Indulfus
1107 2618 1307 2666 totidem
1331 2626 1612 2684 regnaverat
1637 2620 1795 2668 annis:

647 2696 747 2745 Ens
777 2695 1074 2744 Constantini
1097 2697 1220 2745 filius
1245 2695 1495 2762 Edhayde.

582 2778 636 2824 ln
660 2777 785 2825 bello
810 2793 1030 2842 pugnans
1055 2776 1117 2824 ad
1140 2777 1346 2826 fluminis
1369 2777 1520 2826 hostia
1549 2777 1724 2834 Collin,

651 2857 894 2904 Dacorum
918 2855 1122 2921 gladdiis
1146 2857 1358 2922 protinus
1383 2857 1620 2907 occubuit.

416 3020 556 3067 Anno
582 3017 809 3081 Dcccclxj.
849 3034 929 3064 rex
959 3016 1229 3064 Scottorum
1258 3015 1473 3066 Indulfus
1497 3018 1748 3067 occiditur:
1784 3020 1888 3085 post
1911 3037 2055 3086 quem

579 3179 796 3234 Quatuor
821 3184 869 3224 et
893 3177 1031 3226 semis
1055 3194 1136 3225 rex
1163 3177 1270 3226 Duf
1288 3178 1504 3244 regnavit
1528 3179 1689 3235 aristis,

649 3257 909 3306 Malcolmo
934 3265 1090 3313 natus,
1115 3258 1247 3324 regia
1265 3258 1374 3323 jura
1397 3275 1583 3325 gerens.

1167 3395 1182 3414 ὓ
1214 3394 1300 3430 Orin
1335 3393 1465 3430 Rilum.

840 3446 869 3489 2
896 3458 923 3489 Ρ
