2852 3874
145 1624 203 1660 fol.
220 1628 253 1659 8.
269 1625 302 1658 b.

379 441 513 492 A.D.
538 441 652 496 976.
865 439 1292 492 CHRONICA
1336 441 1438 492 DE
1483 441 1864 493 MAILROS.
2254 453 2317 496 35

375 579 485 628 usus
509 578 803 628 exercitium.
876 578 1051 629 Hieme
1074 596 1185 629 vero
1211 587 1259 628 et
1281 596 1392 629 vere
1425 580 1546 629 infra
1582 596 1782 647 regnum
1818 581 1965 646 usque
2003 597 2197 647 quaque
2232 599 2315 648 per

373 675 540 707 omnes
566 658 830 724 provincias
857 658 1126 725 Anglorum
1148 659 1355 716 transire,
1381 667 1429 709 et
1452 660 1691 726 quomodo
1715 661 1878 726 legum
1895 661 2005 726 jura
2043 668 2091 710 et
2127 662 2314 711 suorum

375 738 552 787 statuta
576 739 872 789 decretorum
896 756 925 788 a
947 739 1236 806 principibus
1259 739 1628 797 observarentur,
1652 757 1713 789 ne
1735 757 1970 806 pauperes
1995 758 2024 789 a
2062 742 2315 807 potentati-

374 817 464 867 bus
487 818 815 884 praejudicium
838 818 952 884 paffi
974 818 1364 884 obprimerentur,
1389 819 1639 885 diligenter
1673 819 1854 868 solebat
1890 820 2186 887 investigare.
2260 821 2314 870 In

375 913 469 947 uno
492 898 772 954 fortitudini,
797 899 845 946 in
869 897 1018 946 altero
1035 897 1216 962 justitie
1238 898 1446 954 studens,
1469 898 1518 947 in
1542 906 1743 963 utroque
1767 900 1834 948 rei
1869 900 2058 965 publice
2097 908 2144 950 et
2181 902 2314 967 regni

374 977 658 1027 utilitatibus
676 976 938 1025 consulens.
1003 975 1132 1025 Hinc
1148 975 1358 1025 hostibus
1377 977 1747 1042 circumquaque
1766 978 1919 1034 timor,
1936 987 1983 1027 et
1998 980 2208 1028 omnium
2225 980 2314 1030 sibi

371 1055 665 1105 subditorum
689 1072 806 1121 erga
828 1071 939 1104 eum
963 1062 1236 1104 excreverat
1260 1072 1420 1111 amor3
1457 1056 1591 1121 cujus
1616 1055 1804 1104 decefl'u
1843 1057 1996 1105 tocius
2036 1060 2170 1123 regni
2210 1076 2313 1123 per-

371 1134 588 1182 turbatus
625 1135 694 1182 est
729 1134 892 1189 status,
929 1142 976 1182 et
1011 1134 1115 1198 post
1148 1142 1336 1199 tempus
1372 1135 1521 1183 letitie
1562 1135 1692 1198 quod
1728 1135 1851 1183 illius
1886 1142 2099 1200 tempore
2123 1137 2315 1201 vigebat

371 1212 585 1277 pacifice,
610 1211 859 1260 tribulacio
884 1213 1010 1276 cepit
1033 1213 1243 1276 undique
1269 1212 1504 1263 advenire.
1559 1212 1679 1260 Orta
1701 1229 1908 1278 namque
1932 1214 2167 1263 sedicione
2185 1232 2315 1281 mag-

371 1308 434 1339 na
456 1291 704 1340 monachis
729 1291 789 1339 de
812 1290 1106 1339 monasteriis
1130 1290 1371 1346 eiciendis,
1396 1298 1444 1339 et
1467 1308 1582 1357 rege
1623 1292 1861 1357 eligendo,
1901 1293 2095 1341 tandem
2134 1296 2314 1359 agenti-

372 1370 461 1419 bus
498 1371 673 1419 san6tis
712 1370 1074 1436 archiepiscopis
1114 1370 1363 1418 Dunstano
1402 1378 1450 1419 et
1500 1370 1717 1419 Oswaldo
1769 1379 1817 1420 et
1863 1373 2031 1422 ceteris
2073 1374 2314 1423 catholicis

371 1451 479 1499 viris
503 1451 585 1515 qui
611 1450 803 1499 adverse
828 1450 950 1515 parti
974 1449 1263 1506 resistebant,
1287 1449 1507 1499 monachi
1532 1451 1638 1499 suas
1673 1450 1807 1500 sedes
1849 1452 2114 1501 constanter
2151 1461 2313 1502 tenue-

371 1538 493 1577 runt.

442 1608 702 1657 Edwardus
727 1609 837 1656 clito
862 1616 914 1656 ut
938 1616 1072 1674 pater
1091 1608 1301 1673 jufferat,
1334 1610 1488 1674 spreto
1521 1610 1706 1658 interim
1735 1610 1878 1658 fratre
1914 1611 1994 1659 suo
2022 1611 2229 1667 Eilredo,
2266 1614 2310 1659 in

373 1705 537 1754 regem
561 1689 857 1738 consecratur

443 1768 658 1816 Cometis
679 1766 813 1815 stella
836 1767 932 1815 visa
956 1767 1024 1815 est
1047 1768 1094 1815 in
1119 1775 1362 1815 autumno.

438 1847 580 1895 Anno
601 1846 925 1911 Dcccc.lxxvij.
953 1847 999 1894 in
1020 1846 1267 1912 Estanglia
1285 1847 1412 1912 apud
1430 1847 1587 1894 villam
1606 1864 1700 1911 que
1720 1847 1888 1896 dicitur
1910 1848 2147 1914 Kirelingf
2165 1851 2310 1898 maxi-

369 1943 448 1974 ma
465 1926 668 1991 synodus
687 1926 965 1974 celebratur.
1032 1925 1222 1974 Dehinc
1241 1926 1368 1991 apud
1391 1926 1565 1974 Calneg
1589 1926 1701 1974 dum
1721 1927 1813 1974 alia
1831 1927 2033 1992 synodus
2052 1928 2308 1977 celebrare-

368 2014 458 2061 tur,
496 2006 641 2054 totius
676 2006 852 2071 Anglie
892 2006 1096 2071 majores
1135 2013 1251 2054 natu
1291 2005 1373 2070 qui
1409 2006 1585 2054 ibidem
1622 2007 1837 2072 agregati
1873 2007 2075 2062 fuerant,
2112 2016 2308 2072 excepto

366 2086 530 2134 saneto
569 2085 833 2141 Dunstano,
875 2086 935 2134 de
970 2086 1137 2134 solario
1174 2093 1453 2141 coruerunt3
1500 2102 1700 2150 quorum
1741 2086 1933 2150 quidam
1974 2087 2143 2134 mortui
2191 2088 2309 2142 sunt,

367 2165 562 2229 quidam
584 2183 696 2214 vero
719 2166 882 2215 mortis
905 2166 1166 2231 periculum
1189 2165 1266 2214 vix
1291 2166 1551 2214 evaserunt.

436 2245 578 2293 Anno
608 2246 949 2310 Dcccc.lxxviij.
987 2263 1068 2295 rex
1111 2245 1379 2310 Anglorum
1418 2244 1677 2293 Edwardus
1708 2244 1831 2309 juffu
1868 2262 2068 2293 noverce
2109 2246 2189 2293 sue
2227 2245 2308 2293 Al-

367 2323 557 2373 stritheh
578 2325 764 2391 Regine
788 2326 974 2373 occulte
994 2325 1143 2374 cultro
1167 2323 1414 2390 perfofl'usi
1436 2325 1483 2372 in
1502 2325 1607 2372 loco
1627 2324 1708 2389 qui
1731 2323 2055 2390 Coruesgatek
2077 2324 2260 2380 dicitur,
2281 2343 2308 2372 a

367 2403 477 2451 suis¹
500 2404 667 2468 injuste
686 2406 943 2470 perimitur,
964 2412 1012 2454 et
1031 2405 1159 2470 apud
1170 2404 1441 2453 Werhamm
1462 2421 1558 2452 non
1576 2405 1708 2469 regio
1727 2420 1856 2452 more
1875 2404 2102 2468 sepeliter.
2157 2403 2307 2468 Cujus
2383 2411 2387 2413 “

366 2483 510 2531 frater
536 2483 770 2533 Eldredus
795 2485 905 2533 clito
931 2486 1168 2551 egregius,
1187 2484 1396 2532 moribus
1420 2484 1630 2549 elegans,
1655 2483 1849 2548 pulcher
1872 2484 2018 2539 vultu,
2038 2491 2085 2531 et
2110 2483 2306 2531 decorus

370 2563 576 2626 aspectu,
609 2564 712 2628 post
742 2565 1010 2628 paschalem
1034 2564 1334 2613 festivitatem
1360 2564 1436 2612 die
1462 2563 1698 2612 dominica
1721 2563 1868 2629 xviij0.
1893 2563 2122 2611 kalendas
2148 2562 2306 2618 Maii‚'¹

370 2658 398 2688 a
422 2642 593 2690 sanctis
629 2643 989 2709 archiepiscopis
1027 2644 1276 2693 Dunstano
1302 2651 1350 2692 et
1378 2643 1595 2692 Oswaldo
1620 2651 1667 2691 et
1691 2660 1735 2691 x.
1763 2643 2009 2708 episcopis,
2046 2643 2092 2690 in
2120 2642 2302 2707 Kingis-

415 2800 428 2819 ¹
449 2800 598 2846 Cirding‚
619 2803 655 2836 S.
674 2803 836 2837 Dunelm.
864 2802 930 2838 col.
954 2806 1040 2843 160;
1070 2803 1314 2849 Kyntlingtun,
1341 2803 1423 2838 Sax.
1444 2803 1562 2837 Chr-on.
1575 2813 1610 2847 p.
1627 2804 1714 2841 124;
1736 2801 1888 2846 Kerling,
1909 2802 2104 2846 Brompton,
2125 2799 2190 2835 col.
2209 2801 2300 2839 870;

370 2854 524 2902 Kirding‚
546 2857 726 2897 Hoveden;
755 2858 968 2903 Kyrtlinege,
990 2859 1086 2893 Flor.
1117 2860 1261 2904 Wigorn.
1316 2857 1395 2892 The
1412 2858 1527 2892 writer
1550 2857 1618 2891 last
1643 2857 1734 2891 cited
1758 2868 1875 2901 agrees
1895 2855 1980 2890 with
1998 2856 2130 2890 Simeon
2155 2855 2224 2890 and
2240 2855 2302 2890 the

366 2917 452 2952 text,
472 2912 508 2946 in
525 2912 661 2958 placing
676 2913 704 2948 it
720 2913 755 2947 in
775 2914 1019 2959 East-Anglia.
1046 2914 1206 2960 spelman
1221 2912 1374 2948 believes
1390 2913 1418 2947 it
1434 2918 1472 2947 to
1485 2912 1576 2947 have
1592 2913 1682 2947 been
1699 2918 1736 2946 at
1751 2911 1910 2956 Kirtling,
1929 2911 1966 2945 in
1982 2910 2299 2956 Cambridgeshire;

366 2967 430 3002 but
455 2968 581 3003 Gibson
605 2968 735 3014 prefers
758 2968 820 3004 the
845 2969 963 3004 claims
988 2968 1031 3004 of
1051 2969 1286 3015 Kyrtlington,
1313 2967 1349 3002 in
1371 2967 1608 3003 Oxfordshire.
1753 2966 1769 2986 ⁸
1791 2967 1883 3001 Now
1903 2965 2022 3007 Calue,
2050 2966 2086 3001 in
2107 2965 2299 3001 Wiltshire.

367 3021 384 3042 ¹¹
405 3023 599 3059 Elfthridae.
613 3025 821 3060 S.Dunelm.
834 3025 900 3060 col.
918 3027 995 3060 160.
1142 3024 1152 3045 ¹
1173 3025 1280 3070 Upon
1290 3023 1352 3058 the
1366 3023 1451 3058 leth
1462 3022 1504 3058 os
1510 3021 1646 3057 March.
1660 3023 1740 3057 Sam.
1762 3022 1881 3057 Chron.
1900 3034 1935 3067 p.
1949 3023 2026 3055 124.
2172 3021 2187 3041 ¹³
2210 3021 2302 3056 Now

371 3077 460 3114 Corf
473 3079 602 3121 Castle,
622 3080 658 3115 in
674 3080 736 3116 the
753 3080 924 3116 islandof
936 3080 1107 3116 Purbeck.
1252 3078 1264 3100 ¹
1284 3080 1474 3126 Knyghton,
1489 3078 1569 3113 col.
1589 3080 1693 3118 2313,
1722 3089 1800 3123 says
1825 3077 1903 3112 that
1927 3077 1974 3112 he
1991 3088 2062 3111 was
2087 3076 2234 3111 stabbed
2256 3077 2302 3122 by

366 3132 429 3170 the
446 3134 543 3171 hand
559 3135 602 3171 of
616 3136 682 3178 -the
704 3136 830 3177 Queen
846 3136 994 3177 hersels;
1020 3138 1084 3172 but
1109 3135 1172 3171 the
1198 3135 1376 3181 authority
1393 3134 1434 3170 of
1455 3135 1646 3181 Knyghton,
1675 3134 1711 3168 in
1738 3134 1890 3180 subjects
1917 3144 1958 3168 so
1983 3138 2116 3167 remote
2141 3132 2229 3167 from
2247 3132 2300 3166 his

368 3200 448 3225 own
464 3202 538 3237 age,
557 3191 586 3227 is
603 3198 667 3228 not
684 3191 726 3227 os
736 3192 842 3228 much
859 3192 971 3228 value.
1117 3190 1143 3206 ¹¹¹
1164 3191 1257 3226 Now
1268 3190 1447 3231 Warham,
1467 3190 1502 3225 in
1515 3188 1749 3225 Dorsetshire.
1893 3188 1911 3204 ¹¹
1932 3187 2011 3223 The
2031 3187 2115 3223 14th
2132 3187 2175 3223 of
2188 3187 2297 3234 April.
